=LDR  09350cas a2201789 a 4500
=001  011458323
=003  Uk
=005  20220301150950.0
=007  ta
=008  991101c19089999nikwr\n\\\\\\\0\\\a0eng\\
=022  1\$a1468-7631$202
=040  \\$aUk$cUk$dUk
=042  \\$aissnuk$aukblsr
=082  04$a072.91641$222
=222  \0$aStrabane weekly news
=245  00$aStrabane weekly news.
=246  1\$iAt head of title:$aTyrone and Donegal reporter
=246  1\$iAlso known as:$aStrabane weekly news & Tyrone and Donegal reporter
=260  \\$aOmagh :$bTyrone Constitution,$c1908-
=260  3\$a[Dungannon] :$bAlpha Newspapers
=300  \\$av. :$bill. (some col.), ports. ;$c45 cm.
=310  \\$aWeekly
=336  \\$atext$2rdacontent
=337  \\$aunmediated$2rdamedia
=338  \\$avolume$2rdacarrier
=362  0\$aNo. 1 (10 Oct. 1908)-
=500  \\$aDescription based on: 21 Jan. 2010 issue.
=540  \\$aBritish Library not licensed to copy$c0$5Uk
=651  \0$aStrabane (Northern Ireland)$vNewspapers.
=651  \0$aTyrone (Northern Ireland)$vNewspapers.
=752  \\$aIreland$bCo. Tyrone$dStrabane.$2blnpn
=852  41$31906-1956$aBritish Library$bNPL$jNEWS7235
=852  41$31912$aBritish Library$bHMNTS$zMicroform.$jMFM.M41069 [1912]
=852  41$31917$aBritish Library$bHMNTS$zMicroform.$jMFM.M41074 [1917]
=852  41$31919$aBritish Library$bHMNTS$zMicroform.$jMFM.M41075 [1919]
=852  41$31921$aBritish Library$bHMNTS$zMicroform.$jMFM.M41076 [1921]
=852  41$31933$aBritish Library$bHMNTS$zMicroform.$jMFM.M41087 [1933]
=852  41$31935$aBritish Library$bHMNTS$zMicroform.$jMFM.M41088 [1935]
=852  41$31943$aBritish Library$bHMNTS$zMicroform.$jMFM.M41095 [1943]
=852  41$31945$aBritish Library$bHMNTS$zMicroform.$jMFM.M41096 [1945]
=852  41$31947$aBritish Library$bHMNTS$zMicroform.$jMFM.M41097 [1947]
=852  41$31949$aBritish Library$bHMNTS$zMicroform.$jMFM.M41098 [1949]
=852  41$31906$aBritish Library$bHMNTS$zMicroform.$jMFM.M41064 [1906]
=852  41$31907$aBritish Library$bHMNTS$zMicroform.$jMFM.M41065 [1907]
=852  41$31908$aBritish Library$bHMNTS$zMicroform.$jMFM.M41066 [1908]
=852  41$31909$aBritish Library$bHMNTS$zMicroform.$jMFM.M41067 [1909]
=852  41$31910$aBritish Library$bHMNTS$zMicroform.$jMFM.M41068 [1910]
=852  41$31911$aBritish Library$bHMNTS$zMicroform.$jMFM.M41069 [1911]
=852  41$31913$aBritish Library$bHMNTS$zMicroform.$jMFM.M41071 [1913]
=852  41$31913$aBritish Library$bHMNTS$zMicroform.$jMFM.M41070 [1913]
=852  41$31914$aBritish Library$bHMNTS$zMicroform.$jMFM.M41072 [1914]
=852  41$31915$aBritish Library$bHMNTS$zMicroform.$jMFM.M41073 [1915]
=852  41$31916$aBritish Library$bHMNTS$zMicroform.$jMFM.M41074 [1916]
=852  41$31918$aBritish Library$bHMNTS$zMicroform.$jMFM.M41075 [1918]
=852  41$31920$aBritish Library$bHMNTS$zMicroform.$jMFM.M41076 [1920]
=852  41$31922$aBritish Library$bHMNTS$zMicroform.$jMFM.M41077 [1922]
=852  41$31923$aBritish Library$bHMNTS$zMicroform.$jMFM.M41078 [1923]
=852  41$31924$aBritish Library$bHMNTS$zMicroform.$jMFM.M41079 [1924]
=852  41$31925$aBritish Library$bHMNTS$zMicroform.$jMFM.M41080 [1925]
=852  41$31926$aBritish Library$bHMNTS$zMicroform.$jMFM.M41081 [1926]
=852  41$31927$aBritish Library$bHMNTS$zMicroform.$jMFM.M41082 [1927]
=852  41$31928$aBritish Library$bHMNTS$zMicroform.$jMFM.M41083 [1928]
=852  41$31929$aBritish Library$bHMNTS$zMicroform.$jMFM.M41084 [1929]
=852  41$31930$aBritish Library$bHMNTS$zMicroform.$jMFM.M41085 [1930]
=852  41$31931$aBritish Library$bHMNTS$zMicroform.$jMFM.M41086 [1931]
=852  41$31932$aBritish Library$bHMNTS$zMicroform.$jMFM.M41087 [1932]
=852  41$31934$aBritish Library$bHMNTS$zMicroform.$jMFM.M41088 [1934]
=852  41$31936$aBritish Library$bHMNTS$zMicroform.$jMFM.M41089 [1936]
=852  41$31937$aBritish Library$bHMNTS$zMicroform.$jMFM.M41090 [1937]
=852  41$31938$aBritish Library$bHMNTS$zMicroform.$jMFM.M41091 [1938]
=852  41$31939$aBritish Library$bHMNTS$zMicroform.$jMFM.M41092 [1939]
=852  41$31940$aBritish Library$bHMNTS$zMicroform.$jMFM.M41093 [1940]
=852  41$31941$aBritish Library$bHMNTS$zMicroform.$jMFM.M41094 [1941]
=852  41$31942$aBritish Library$bHMNTS$zMicroform.$jMFM.M41095 [1942]
=852  41$31944$aBritish Library$bHMNTS$zMicroform.$jMFM.M41096 [1944]
=852  41$31946$aBritish Library$bHMNTS$zMicroform.$jMFM.M41097 [1946]
=852  41$31948$aBritish Library$bHMNTS$zMicroform.$jMFM.M41098 [1948]
=852  41$31950$aBritish Library$bHMNTS$zMicroform.$jMFM.M41099 [1950]
=852  41$31913-1949$aBritish Library$bNPL$jNEWS6894
=852  41$31913-1949$aBritish Library$bNPL$jNEWS6894
=852  41$31913-1949$aBritish Library$bNPL$jNEWS6894
=852  41$31913-1949$aBritish Library$bNPL$jNEWS6894
=852  41$31913-1949$aBritish Library$bNPL$jNEWS6894
=852  41$31913-1949$aBritish Library$bNPL$jNEWS6894
=852  41$31947-1953$aBritish Library$bNPL$jNEWS13406
=852  41$32010$aBritish Library$bNPL$jNEWS.REG1025
=852  41$31957-1985$aBritish Library$bNPL$jNEWS327
=852  41$31968-1972$aBritish Library$bNPL$jNEWS3814
=852  41$31946-1978$aBritish Library$bNPL$jNEWS4699
=852  41$31920-1985$aBritish Library$bNPL$jNEWS8
=852  41$32010-27th Aug. (2015)$aBritish Library$bNPL$jNEWS.REG872
=852  41$aBritish Library$bNPL
=852  41$31920-1985$aBritish Library$bNPL$jNEWS8
=852  41$32010-27th Aug. (2015)$aBritish Library$bNPL$jNEWS.REG872
=852  41$aBritish Library$bNPL
=852  41$31920-1985$aBritish Library$bNPL$jNEWS8
=852  41$32010-27th Aug. (2015)$aBritish Library$bNPL$jNEWS.REG872
=852  41$aBritish Library$bNPL
=852  \\$32010-$aBritish Library$bNPL$jNEWS.REG907
=852  41$31908-1985$aBritish Library$bNPL$jNEWS464
=856  42$31908-1915$uhttp://www.britishnewspaperarchive.co.uk/search/results?TitleId=BL/0003130$yBritish Newspaper Archive
=866  \0$aNewspapers :No. 1 (10 Oct. 1908)- [For issues 1986 onwards, see Microfilm] Print copies are not made available where a microfilm alternative exists.
=985  \\$aISSN record upgraded to allow accessioning of print newspapers. Record further upgraded from print 02/02/2010 (RB).
=ACF  \\$aBritish Library not licensed to copy$c0$e01-apr-2012$hC$iCLA Excluded$5Uk
=ACF  \\$aBritish Library not licensed to copy$c0$e01-jan-2012$hC$iCLA Excluded$5Uk
=ACF  \\$aBritish Library not licensed to copy$c0$e01-oct-2011$hC$iCLA Excluded$5Uk
=ACF  \\$aBritish Library not licensed to copy$c0$e01-jul-2011$hC$iCLA Excluded$5Uk
=ACF  \\$aBritish Library not licensed to copy$c0$e01-apr-2011$hC$iCLA Excluded$5Uk
=ACF  \\$aBritish Library not licensed to copy$c0$e01-jan-2011$hC$iCLA Excluded$5Uk
=ACF  \\$aBritish Library not licensed to copy$c0$e01-oct-2010$hC$iCLA Excluded$5Uk
=ACF  \\$aBritish Library not licensed to copy$c0$e01-jul-2010$hC$iCLA Excluded$5Uk
=ACF  \\$aBritish Library not licensed to copy$c0$e01-apr-2010$hC$iCLA Excluded$5Uk
=ACF  \\$aBritish Library not licensed to copy$c0$e01-Jan-2010$hC$iCLA Excluded$5Uk
=ACF  \\$aBritish Library not licensed to copy$c0$e01-apr-2005$hC$iCLA Excluded$5Uk
=ACF  \\$aBritish Library not licensed to copy$c0$e01-jul-2012$hC$iCLA Excluded$5Uk
=CAT  \\$aCONV$b00$c20040425$lBLL90$h0850
=CAT  \\$aBATCH-856$b50$c20220207$lBLL01$h0756
=CAT  \\$aBATCH-UPD$b50$c20220207$lBLL01$h0759
=CAT  \\$aBATCH-856$b50$c20220214$lBLL01$h0937
=CAT  \\$aBATCH-UPD$b50$c20220214$lBLL01$h0941
=CAT  \\$aBATCH-856$b50$c20220301$lBLL01$h1509
=CAT  \\$aBATCH-UPD$b50$c20220301$lBLL01$h1511
=CAT  \\$aRESET-LEV$b50$c20220302$lBLL01$h0051
=CAT  \\$aRESET-LEV$b50$c20220401$lBLL01$h2226
=CAT  \\$aRESET-LEV$b50$c20220502$lBLL01$h0237
=CAT  \\$aRESET-LEV$b50$c20220602$lBLL01$h2121
=CAT  \\$aRESET-LEV$b50$c20220701$lBLL01$h2227
=CAT  \\$aRESET-LEV$b50$c20220802$lBLL01$h0349
=CAT  \\$aRESET-LEV$b50$c20220902$lBLL01$h2215
=CAT  \\$aRESET-LEV$b50$c20221003$lBLL01$h0409
=CAT  \\$aRESET-LEV$b50$c20221102$lBLL01$h0228
=CAT  \\$aRESET-LEV$b50$c20221202$lBLL01$h2220
=CAT  \\$aRESET-LEV$b50$c20230102$lBLL01$h0254
=CAT  \\$aRESET-LEV$b50$c20230202$lBLL01$h2121
=CAT  \\$aRESET-LEV$b50$c20230302$lBLL01$h2129
=CAT  \\$aRESET-LEV$b50$c20230403$lBLL01$h0236
=CAT  \\$aRESET-LEV$b50$c20230502$lBLL01$h0320
=CAT  \\$aRESET-LEV$b50$c20230602$lBLL01$h2220
=CAT  \\$aRESET-LEV$b50$c20230703$lBLL01$h0501
=CAT  \\$aRESET-LEV$b50$c20230802$lBLL01$h0203
=CAT  \\$aRESET-LEV$b50$c20230902$lBLL01$h1730
=CAT  \\$aRESET-LEV$b50$c20231002$lBLL01$h0434
=CFI  0\$aBritish Library not licensed to copy$c0$e01-jan-2014$hC$iCFP Excluded$5Uk
=CFI  2\$aBritish Library not licensed to copy$c0$e01-oct-2012$hC$iCFP Excluded$5Uk
=FIN  \\$aY
=FMT  \\$a  SE
=LAS  \\$aRESET-LEV$b50$c20231002$lBLL01$h0434
=LEO  \\$aMP22.0000062829
=LKR  \\$aPAR$b013892399$lBLL01$r776$mStrabane weekly news (Print)$nStrabane weekly news (Microfilm)
=NID  \\$aNID0000628
=SRC  \\$aISN01$bbibmp22.200404.2.aa
=TCO  \\$aCLA$bCLA$c008

