=LDR  05075cas a2201021 a 4500
=001  010188896
=003  Uk
=005  20220301150946.0
=007  ta
=008  770419d188020uunikcr\n\\\\\\\0\\\a0eng\\
=022  1\$a0307-6172$202
=040  \\$aUk$beng$cUk$dUk
=042  \\$aukblsr$aissnuk
=082  04$a072.9162$222
=210  0\$aDerry j.
=222  \0$aDerry journal
=245  04$aThe Derry journal.
=260  \\$aLondonderry :$bDerry Journal,$c1880-
=260  3\$aDerry :$bDerry Journal Newspapers
=300  \\$av. :$bcol. ill., col. ports. ;$c38-60 cm.
=310  \\$aSemiweekly, published on Tuesdays and Fridays
=321  \\$aWeekly
=336  \\$atext$2rdacontent
=337  \\$aunmediated$2rdamedia
=338  \\$avolume$2rdacarrier
=362  0\$a22 Mar. 1880-
=500  \\$aDescription based on: Nov. 3, 2009 issue.
=500  \\$aLatest issue consulted: Nov. 6, 2009.
=540  \\$aBritish Library not licensed to copy$c0$5Uk
=651  \0$aDerry (Northern Ireland)$vNewspapers.
=651  \0$aLondonderry (Northern Ireland : County)$vNewspapers.
=780  00$tLondonderry journal and Donegal and Tyrone advertiser
=785  00$tDerry journal$bCity edition$x2399-9896
=785  01$tDerry journal$bCounty edition
=852  41$31880-1977$aBritish Library$bNPL$jNEWS104
=852  41$aBritish Library$bNPL$322 Mar. 1880-***Print issues are not available for conservation reasons where an alternative format exists. See separate record for microfilm holdings
=856  42$31880-1885, 1891-1924, 1926-1942, 1950-1955$uhttp://www.britishnewspaperarchive.co.uk/search/results?TitleId=BL/0001123$yBritish Newspaper Archive
=866  \\$aNewspapers: 22 Mar. 1880-Dec. 2009; Print issues are not available for conservation reasons where an alternative format exists. See separate record for microfilm holdings.
=985  \\$aPublished as a tabloid on Tuesdays and as a broadsheet on Fridays - two lines on list. Single record created for accessioning purposes - no edition statements and editions are stored and filmed together.
=ACF  \\$aBritish Library not licensed to copy$c0$e01-apr-2012$hC$iCLA Excluded$5Uk
=ACF  \\$aBritish Library not licensed to copy$c0$e01-jan-2012$hC$iCLA Excluded$5Uk
=ACF  \\$aBritish Library not licensed to copy$c0$e01-oct-2011$hC$iCLA Excluded$5Uk
=ACF  \\$aBritish Library not licensed to copy$c0$e01-jul-2011$hC$iCLA Excluded$5Uk
=ACF  \\$aBritish Library not licensed to copy$c0$e01-apr-2011$hC$iCLA Excluded$5Uk
=ACF  \\$aBritish Library not licensed to copy$c0$e01-jan-2011$hC$iCLA Excluded$5Uk
=ACF  \\$aBritish Library not licensed to copy$c0$e01-oct-2010$hC$iCLA Excluded$5Uk
=ACF  \\$aBritish Library not licensed to copy$c0$e01-jul-2010$hC$iCLA Excluded$5Uk
=ACF  \\$aBritish Library not licensed to copy$c0$e01-apr-2010$hC$iCLA Excluded$5Uk
=ACF  \\$aBritish Library not licensed to copy$c0$e01-Jan-2010$hC$iCLA Excluded$5Uk
=ACF  \\$aBritish Library not licensed to copy$c0$e01-oct-2009$hC$iCLA Excluded$5Uk
=ACF  \\$aBritish Library not licensed to copy$c0$e01-jul-2009$hC$iCLA Excluded$5Uk
=ACF  \\$aBritish Library not licensed to copy$c0$e01-oct-2004$hC$iCLA Excluded$5Uk
=CAT  \\$aCONV$b00$c20040425$lBLL90$h0849
=CAT  \\$aBATCH-UPD$b50$c20211101$lBLL01$h1354
=CAT  \\$aBATCH-856$b50$c20211108$lBLL01$h1044
=CAT  \\$aBATCH-UPD$b50$c20211108$lBLL01$h1044
=CAT  \\$aBATCH-856$b50$c20211115$lBLL01$h0939
=CAT  \\$aBATCH-UPD$b50$c20211115$lBLL01$h0940
=CAT  \\$aBATCH-856$b50$c20211122$lBLL01$h1253
=CAT  \\$aBATCH-UPD$b50$c20211122$lBLL01$h1254
=CAT  \\$aBATCH-856$b50$c20211220$lBLL01$h1031
=CAT  \\$aBATCH-UPD$b50$c20211220$lBLL01$h1032
=CAT  \\$aBATCH-856$b50$c20211228$lBLL01$h1449
=CAT  \\$aBATCH-UPD$b50$c20211228$lBLL01$h1451
=CAT  \\$aBATCH-856$b50$c20220104$lBLL01$h0957
=CAT  \\$aBATCH-UPD$b50$c20220104$lBLL01$h0957
=CAT  \\$aBATCH-856$b50$c20220110$lBLL01$h1300
=CAT  \\$aBATCH-UPD$b50$c20220110$lBLL01$h1300
=CAT  \\$aBATCH-856$b50$c20220117$lBLL01$h1433
=CAT  \\$aBATCH-UPD$b50$c20220117$lBLL01$h1440
=CAT  \\$aBATCH-856$b50$c20220131$lBLL01$h1009
=CAT  \\$aBATCH-UPD$b50$c20220131$lBLL01$h1010
=CAT  \\$aBATCH-856$b50$c20220207$lBLL01$h0756
=CAT  \\$aBATCH-UPD$b50$c20220207$lBLL01$h0756
=CAT  \\$aBATCH-856$b50$c20220214$lBLL01$h0937
=CAT  \\$aBATCH-UPD$b50$c20220214$lBLL01$h0937
=CAT  \\$aBATCH-856$b50$c20220301$lBLL01$h1509
=CAT  \\$aBATCH-UPD$b50$c20220301$lBLL01$h1510
=CFI  0\$aBritish Library not licensed to copy$c0$e01-oct-2012$hC$iCFP Excluded$5Uk
=CFI  2\$aBritish Library not licensed to copy$c0$e01-jul-2012$hC$iCLA Excluded$5Uk
=FIN  \\$aY
=FMT  \\$a  SE
=LAS  \\$aBATCH-UPD$b50$c20220301$lBLL01$h1510
=LEO  \\$aMP22.0000020273
=LKR  \\$aPAR$b013943836$lBLL01$nDerry journal (Microfilm)$mDerry journal (Print)$r776
=NID  \\$aNID0000197
=SRC  \\$aISN01$bbibmp22.200404.2.aa
=TCO  \\$aCLA$bCLA$c008

