=LDR  11634cas a2202317 a 4500
=001  010510247
=003  Uk
=005  20230210005405.0
=007  ta
=008  040410c18409999enkwr\p\\\\\\\0\\\a0eng\\
=019  c\$a2164365
=019  x\$a5000299922
=019  n\$aNLC0014385
=022  0\$a0039-8837$202
=040  \\$aUk$cUk$dUk
=042  \\$aissnuk
=082  04$a052
=130  0\$aTablet (London, England : 1840)
=210  0\$aTablet$b(Lond.)
=222  \0$aTablet$b(London)
=245  10$aTablet.
=260  \\$aLondon :$bTablet Publishing Company.
=300  \\$av. :$bill. ;$c34 cm.
=310  \\$aWeekly (except Christmas and Easter),$b<28 Nov. 1987- >
=321  \\$aWeekly,$bMay 16, 1840-
=336  \\$atext$2rdacontent
=337  \\$aunmediated$2rdamedia
=338  \\$avolume$2rdacarrier
=362  0\$av. [1]- (no. 1- ); May 16, 1840-
=500  \\$aFrom 5 Jan.1850 to 11 Sept.1858 published in Dublin.
=520  \\$a"The international Catholic weekly."
=540  \\$aCurrent Copyright Fee: GBP25.00$c0$5Uk
=595  \\$aFORMERLY 9057.88N SEE ALSO 8597.4496N FOR OTHER CUL HOLDINGS SEE ALSO SERIAL RECORDS SCE.
=597  \\$aRapid and Deferred card.
=610  20$aCatholic Church$vPeriodicals.
=776  08$iAlso issued online as:$tTablet$x2059-6855
=780  00$tTrue Tablet
=852  41$aBritish Library$bHMNTS$jREG2359$3No. 8825 (2010)
=852  41$32009$aBritish Library$bHMNTS$jLOU.500-1 [2009]
=852  41$31843-1914$aBritish Library$bHMNTS$zMicroform.$jMFM.MLD70
=852  41$aBritish Library$bHMNTS$jMic.B.49/1-178$3No.1, 1840-1914 ; Wanting some issues
=852  41$aBritish Library$bHMNTS$3No. 139 (7 Jan. 1843)-
=852  41$31843-1914$aBritish Library$bHMNTS$jLOU.LD70
=852  41$31969$aBritish Library$bHMNTS$jLOU.1260 [1969]
=852  41$31969$aBritish Library$bHMNTS$jLOU.1259 [1969]
=852  41$31970$aBritish Library$bHMNTS$jLOU.2893 [1970]
=852  41$31970$aBritish Library$bHMNTS$jLOU.2892 [1970]
=852  41$31971$aBritish Library$bHMNTS$jLOU.2161 [1971]
=852  41$31971$aBritish Library$bHMNTS$jLOU.2160 [1971]
=852  41$31972$aBritish Library$bHMNTS$jLOU.1841 [1972]
=852  41$31973$aBritish Library$bHMNTS$jLOU.1811 [1973]
=852  41$31974$aBritish Library$bHMNTS$jLOU.2418 [1974]
=852  41$31974$aBritish Library$bHMNTS$jLOU.2417 [1974]
=852  41$31975$aBritish Library$bHMNTS$jLOU.3759-3759A [1975]
=852  41$31976$aBritish Library$bHMNTS$jLOU.1106-1106A [1976]
=852  41$31977$aBritish Library$bHMNTS$jLOU.584 [1977]
=852  41$31978$aBritish Library$bHMNTS$jLOU.134 [1978]
=852  41$31979$aBritish Library$bHMNTS$jLOU.4231 [1979]
=852  41$31979$aBritish Library$bHMNTS$jLOU.4230 [1979]
=852  41$31980$aBritish Library$bHMNTS$jLOU.1906 [1980]
=852  41$31980$aBritish Library$bHMNTS$jLOU.1905 [1980]
=852  41$31981$aBritish Library$bHMNTS$jLOU.4138 [1981]
=852  41$31981$aBritish Library$bHMNTS$jLOU.4137 [1981]
=852  41$31982$aBritish Library$bHMNTS$jLOU.3064 [1982]
=852  41$31982$aBritish Library$bHMNTS$jLOU.3063 [1982]
=852  41$31982$aBritish Library$bHMNTS$jLOU.3062 [1982]
=852  41$31983$aBritish Library$bHMNTS$jLOU.561 [1983]
=852  41$31983$aBritish Library$bHMNTS$jLOU.560 [1983]
=852  41$31983$aBritish Library$bHMNTS$jLOU.559 [1983]
=852  41$31984$aBritish Library$bHMNTS$jLOU.812 [1984]
=852  41$31984$aBritish Library$bHMNTS$jLOU.811 [1984]
=852  41$31985$aBritish Library$bHMNTS$jLOU.856 [1985]
=852  41$31985$aBritish Library$bHMNTS$jLOU.855 [1985]
=852  41$31986$aBritish Library$bHMNTS$jLOU.854 [1986]
=852  41$31986$aBritish Library$bHMNTS$jLOU.853 [1986]
=852  41$31987$aBritish Library$bHMNTS$jLOU.356 [1987]
=852  41$31987$aBritish Library$bHMNTS$jLOU.355 [1987]
=852  41$31988$aBritish Library$bHMNTS$jLOU.525 [1988]
=852  41$31988$aBritish Library$bHMNTS$jLOU.524 [1988]
=852  41$31989$aBritish Library$bHMNTS$jLOU.1442 [1989]
=852  41$31989$aBritish Library$bHMNTS$jLOU.1441 [1989]
=852  41$31990$aBritish Library$bHMNTS$jLOU.763 [1990]
=852  41$31990$aBritish Library$bHMNTS$jLOU.762 [1990]
=852  41$31990$aBritish Library$bHMNTS$jLOU.761 [1990]
=852  41$31991$aBritish Library$bHMNTS$jLOU.1156 [1991]
=852  41$31991$aBritish Library$bHMNTS$jLOU.1155 [1991]
=852  41$31992$aBritish Library$bHMNTS$jLOU.726 [1992]
=852  41$31992$aBritish Library$bHMNTS$jLOU.725 [1992]
=852  41$31993$aBritish Library$bHMNTS$jLOU.755 [1993]
=852  41$31993$aBritish Library$bHMNTS$jLOU.754 [1993]
=852  41$31994$aBritish Library$bHMNTS$jLOU.959 [1994]
=852  41$31994$aBritish Library$bHMNTS$jLOU.958 [1994]
=852  41$31995$aBritish Library$bHMNTS$jLOU.185 [1995]
=852  41$31995$aBritish Library$bHMNTS$jLOU.184 [1995]
=852  41$31996$aBritish Library$bHMNTS$jLOU.1525 [1996]
=852  41$31996$aBritish Library$bHMNTS$jLOU.1524 [1996]
=852  41$31996$aBritish Library$bHMNTS$jLOU.1523 [1996]
=852  41$31997$aBritish Library$bHMNTS$jLOU.216-217 [1997]
=852  41$31998$aBritish Library$bHMNTS$jLOU.232-233 [1998]
=852  41$31999$aBritish Library$bHMNTS$jLOU.147-148 [1999]
=852  41$32000$aBritish Library$bHMNTS$jLOU.654-655 [2000]
=852  41$32001$aBritish Library$bHMNTS$jLOU.716-717 [2001]
=852  41$32002$aBritish Library$bHMNTS$jLOU.693-694 [2002]
=852  41$32003$aBritish Library$bHMNTS$jLOU.707-708 [2003]
=852  41$32004$aBritish Library$bHMNTS$jLOU.736-737 [2004]
=852  41$aBritish Library$bDSC$j8597.450000$3Vol. 33, no. 1491 (1868)-v. 264, no. 8875 (2010)***UKRR Retained Title***Set incomplete
=852  41$32005$aBritish Library$bHMNTS$jLOU.896-7 [2005]
=852  41$32006$aBritish Library$bHMNTS$jLOU.648-9 [2006]
=852  41$31915-1968$aBritish Library$bHMNTS$jLOU.LD70
=856  42$31843-1908$uhttp://www.britishnewspaperarchive.co.uk/search/results?TitleId=BL/0002447$yBritish Newspaper Archive
=945  \\$aTablet -London- M Hewlings then The Tablet Publishing Company-.
=959  \\$fHeld but not currently received
=963  \\$aNO. 3463, 1840- *A=1$bY$cACTON.A.SEL.24
=985  \\$aCorrected by MS generated file for WR# 12.018
=985  \\$aRecord merged by DQ team
=A02  \\$a2164365
=ACF  \\$aPrevious Copyright Fee: GBP12.00$c0$e01-apr-2012$fGBP12.00$g0$hC$5Uk
=ACF  \\$aPrevious Copyright Fee: GBP12.00$c0$e01-jan-2012$fGBP12.00$g0$hC$5Uk
=ACF  \\$aPrevious Copyright Fee: GBP10.50$c0$e01-oct-2011$fGBP10.50$g0$hC$5Uk
=ACF  \\$aPrevious Copyright Fee: GBP10.50$c0$e01-jul-2011$fGBP10.50$g0$hC$5Uk
=ACF  \\$aPrevious Copyright Fee: GBP10.50$c0$e01-apr-2011$fGBP10.50$g0$hC$5Uk
=ACF  \\$aPrevious Copyright Fee: GBP10.50$c0$e01-jan-2011$fGBP10.50$g0$hC$5Uk
=ACF  \\$aPrevious Copyright Fee: GBP9.00$c0$e01-oct-2010$fGBP9.00$g0$hC$5Uk
=ACF  \\$aPrevious Copyright Fee: GBP9.00$c0$e01-jul-2010$fGBP9.00$g0$hC$5Uk
=ACF  \\$aPrevious Copyright Fee: GBP9.00$c0$e01-apr-2010$fGBP9.00$g0$hC$5Uk
=ACF  \\$aPrevious Copyright Fee: GBP9.00$c0$e01-Jan-2010$fGBP9.00$g0$hC$5Uk
=ACF  \\$aPrevious Copyright Fee: GBP6.00$c0$e01-oct-2009$fGBP6.00$g0$hC$5Uk
=ACF  \\$aPrevious Copyright Fee: GBP6.00$c0$e01-jul-2009$fGBP6.00$g0$hC$5Uk
=ACF  \\$aPrevious Copyright Fee: GBP6.00$c0$e01-apr-2009$fGBP6.00$g0$hC$5Uk
=ACF  \\$aPrevious Copyright Fee: GBP6.00$c0$e01-jan-2009$fGBP6.00$g0$hC$5Uk
=ACF  \\$aPrevious Copyright Fee: GBP6.00$c0$e01-oct-2008$fGBP6.00$g0$hC$5Uk
=ACF  \\$aPrevious Copyright Fee: GBP6.00$c0$e01-jul-2008$fGBP6.00$g0$hC$5Uk
=ACF  \\$aPrevious Copyright Fee: GBP6.00$c0$e01-apr-2008$fGBP6.00$g0$hC$5Uk
=ACF  \\$aPrevious Copyright Fee: GBP6.00$c0$e01-jan-2008$fGBP6.00$g0$hC$5Uk
=ACF  \\$aPrevious Copyright Fee: GBP5.00$c0$e01-oct-2007$fGBP5.00$g0$hC$5Uk
=ACF  \\$aPrevious Copyright Fee: GBP5.00$c0$e01-jul-2007$fGBP5.00$g0$hC$5Uk
=ACF  \\$aPrevious Copyright Fee: GBP5.00$c0$e01-apr-2007$fGBP5.00$g0$hC$5Uk
=ACF  \\$aPrevious Copyright Fee: GBP5.00$c0$e01-jan-2007$fGBP5.00$g0$hC$5Uk
=ACF  \\$aPrevious Copyright Fee: GBP5.00$c0$e01-oct-2006$fGBP5.00$g0$hC$5Uk
=ACF  \\$aPrevious Copyright Fee: GBP5.00$c0$e01-jul-2006$fGBP5.00$g0$hC$5Uk
=ACF  \\$aPrevious Copyright Fee: GBP5.00$c0$e01-apr-2006$fGBP5.00$g0$hC$5Uk
=ACF  \\$aPrevious Copyright Fee: GBP5.00$c0$e01-jan-2006$fGBP5.00$g0$hC$5Uk
=ACF  \\$aPrevious Copyright Fee: GBP5.00$c0$e01-oct-2005$fGBP5.00$g0$hC$5Uk
=ACF  \\$aPrevious Copyright Fee: GBP5.00$c0$e01-jul-2005$fGBP5.00$g0$hC$5Uk
=ACF  \\$aPrevious Copyright Fee: GBP5.00$c0$e01-apr-2005$fGBP5.00$g0$hC$5Uk
=ACF  \\$aPrevious Copyright Fee: GBP5.00$c0$e01-jan-2005$fGBP5.00$g0$hC$5Uk
=ACF  \\$aPrevious Copyright Fee: GBP5.00$c0$e01-oct-2004$fGBP5.00$g0$hC$5Uk
=ACF  \\$aBritish Library not licensed to copy$c0$e24-may-2002$g0$hC$iCLA-excluded$5Uk
=ACF  \\$aCurrent copyright fee: GBP0.50$c0$e01-apr-1997$fGBP0.50$g0$hC$5Uk
=ACF  \\$aPrevious Copyright Fee: GBP12.00$c0$e01-jul-2012$fGBP12.00$g0$hC$5Uk
=ACF  \\$aPrevious Copyright Fee: GBP12.00$c0$e01-oct-2012$fGBP12.00$g0$hC$5Uk
=ACF  \\$aPrevious Copyright Fee: GBP12.30$c0$e01-jan-2014$fGBP12.30$g0$hC$5Uk
=ACF  \\$aPrevious Copyright Fee: GBP15.00$c0$e01-jan-2017$fGBP15.00$g0$hC$5Uk
=ACF  \\$aPrevious Copyright Fee: GBP17.50$c0$e01-jan-2018$fGBP17.50$g0$hC$5Uk
=ACF  \\$aPrevious Copyright Fee: GBP20.00$c0$e01-jan-2020$fGBP20.00$g0$hC$5Uk
=ACF  \\$aPrevious Copyright Fee: GBP22.50$c0$e01-jan-2021$fGBP22.50$g0$hC$5Uk
=CAT  \\$aCONV$b00$c20040425$lBLL90$h0711
=CAT  \\$aBATCH-UPD$b50$c20211115$lBLL01$h0940
=CAT  \\$aBATCH-856$b50$c20211122$lBLL01$h1253
=CAT  \\$aBATCH-UPD$b50$c20211122$lBLL01$h1254
=CAT  \\$aBATCH-856$b50$c20211220$lBLL01$h1031
=CAT  \\$aBATCH-UPD$b50$c20211220$lBLL01$h1032
=CAT  \\$aBATCH-856$b50$c20211228$lBLL01$h1449
=CAT  \\$aBATCH-UPD$b50$c20211228$lBLL01$h1451
=CAT  \\$aBATCH-856$b50$c20220104$lBLL01$h0957
=CAT  \\$aBATCH-UPD$b50$c20220104$lBLL01$h0957
=CAT  \\$aBATCH-856$b50$c20220110$lBLL01$h1300
=CAT  \\$aBATCH-UPD$b50$c20220110$lBLL01$h1300
=CAT  \\$aBATCH-856$b50$c20220117$lBLL01$h1433
=CAT  \\$aBATCH-UPD$b50$c20220117$lBLL01$h1440
=CAT  \\$aBATCH-856$b50$c20220131$lBLL01$h1009
=CAT  \\$aBATCH-UPD$b50$c20220131$lBLL01$h1010
=CAT  \\$aBATCH-856$b50$c20220207$lBLL01$h0756
=CAT  \\$aBATCH-UPD$b50$c20220207$lBLL01$h0756
=CAT  \\$aBATCH-856$b50$c20220214$lBLL01$h0937
=CAT  \\$aBATCH-UPD$b50$c20220214$lBLL01$h0937
=CAT  \\$aBATCH-856$b50$c20220301$lBLL01$h1509
=CAT  \\$aBATCH-UPD$b50$c20220301$lBLL01$h1510
=CAT  \\$aBATCH-CLA$b00$c20221130$lBLL01$h1453
=CAT  \\$aIPL-CLA$c20221231$lBLL01$h1952
=CAT  \\$aBATCH-CLA$b00$c20230209$lBLL01$h1540
=CAT  \\$aIPL-CLA$c20230210$lBLL01$h0054
=CFI  0\$aCurrent Copyright Fee: GBP25.00$c0$e09-feb-2023$fGBP25.00$g0$hC$5Uk
=CFI  2\$aBritish Library not licensed to copy$c0$e01-jan-2023$hC$iCFP Excluded$5Uk
=FIN  \\$aY
=FMT  \\$a  SE
=LAS  \\$aIPL-CLA$b00$c20230210$lBLL01$h0054
=LEO  \\$aMP35.0000114145.1
=LEO  \\$aMP1.0004430437
=LEO  \\$aMP22.0000002088
=LEO  \\$aMP10.0000564398
=SRC  \\$aNPLv17$bbibmp35.20070831.aa
=SRC  \\$aBLS01$bbibmp1.200404.2.ae
=SRC  \\$aISN01$bbibmp22.200404.2.aa
=SRC  \\$aDSS01$bbibmp10.200404.2.aa
=TCO  \\$aCLA$bCLA$c008

