=LDR  04343cas a2200937 a 4500
=001  010817882
=003  Uk
=005  20220301150947.0
=007  ta
=008  900918d18651954enkcr\n\\\\\\\0\\\a0eng\\
=022  1\$a0960-8079$202
=040  \\$aUk$beng$cUk$dUk
=042  \\$aissnuk
=082  04$a072.16$222
=222  \0$aSouth London press
=245  00$aSouth London press.
=260  \\$aLondon :$bSouth London Press,$c[1865-1954]
=300  \\$av. :$bill., ports.
=310  \\$aSemiweekly, published on Tuesdays and Fridays
=336  \\$atext$2rdacontent
=337  \\$aunmediated$2rdamedia
=338  \\$avolume$2rdacarrier
=362  1\$aBegan in 1865 ; ceased in Dec. 1954.
=540  \\$aBritish Library not licensed to copy$c0$5Uk
=651  \0$aLambeth (London, England)$vNewspapers.
=651  \0$aSouthwark (London, England)$vNewspapers.
=651  \0$aGreenwich (London, England)$vNewspapers.
=651  \0$aLewisham (London, England)$vNewspapers.
=651  \0$aWandsworth (London, England)$vNewspapers.
=752  \\$aEngland$dLondon.$2blnpn
=785  06$tSouth London press (Midweek ed.)$x0961-4834
=785  06$tSouth London press (Weekend ed.)$x0961-4842
=852  41$31875$aBritish Library$bNPL$cEW$j303 [1875]
=852  41$aBritish Library$bNPL$3No. 1 (7 Jan. 1865)-no. 313 (31 Dec. 1870), no. 366 (6 Jan. 1872)-(1954)***Print copies are not available for conservation reasons where an alternative format exists. See separate record for microfilm holdings
=852  41$aBritish Library$bNPL$jNEWS shelfmarks - see explore.bl.uk for full holdings
=852  41$aBritish Library$bHMNTS$zMicroform.$jMFM shelfmarks - see explore.bl.uk for full holdings
=856  42$31865-1913$uhttp://www.britishnewspaperarchive.co.uk/search/results?TitleId=BL/0000213$yBritish Newspaper Archive
=ACF  \\$aBritish Library not licensed to copy$c0$e01-apr-2012$hC$iCLA Excluded$5Uk
=ACF  \\$aBritish Library not licensed to copy$c0$e01-jan-2012$hC$iCLA Excluded$5Uk
=ACF  \\$aBritish Library not licensed to copy$c0$e01-oct-2011$hC$iCLA Excluded$5Uk
=ACF  \\$aBritish Library not licensed to copy$c0$e01-jul-2011$hC$iCLA Excluded$5Uk
=ACF  \\$aBritish Library not licensed to copy$c0$e01-apr-2011$hC$iCLA Excluded$5Uk
=ACF  \\$aBritish Library not licensed to copy$c0$e01-jan-2011$hC$iCLA Excluded$5Uk
=ACF  \\$aBritish Library not licensed to copy$c0$e01-oct-2010$hC$iCLA Excluded$5Uk
=ACF  \\$aBritish Library not licensed to copy$c0$e01-oct-2004$hC$iCLA Excluded$5Uk
=CAT  \\$aCONV$b00$c20040425$lBLL90$h0849
=CAT  \\$aBATCH-856$b50$c20220207$lBLL01$h0756
=CAT  \\$aBATCH-UPD$b50$c20220207$lBLL01$h0757
=CAT  \\$aBATCH-856$b50$c20220214$lBLL01$h0937
=CAT  \\$aBATCH-UPD$b50$c20220214$lBLL01$h0938
=CAT  \\$aBATCH-856$b50$c20220301$lBLL01$h1509
=CAT  \\$aBATCH-UPD$b50$c20220301$lBLL01$h1510
=CAT  \\$aRESET-LEV$b50$c20220302$lBLL01$h0050
=CAT  \\$aRESET-LEV$b50$c20220401$lBLL01$h2224
=CAT  \\$aRESET-LEV$b50$c20220502$lBLL01$h0236
=CAT  \\$aRESET-LEV$b50$c20220602$lBLL01$h2118
=CAT  \\$aRESET-LEV$b50$c20220701$lBLL01$h2224
=CAT  \\$aRESET-LEV$b50$c20220802$lBLL01$h0347
=CAT  \\$aRESET-LEV$b50$c20220902$lBLL01$h2213
=CAT  \\$aRESET-LEV$b50$c20221003$lBLL01$h0407
=CAT  \\$aRESET-LEV$b50$c20221102$lBLL01$h0226
=CAT  \\$aRESET-LEV$b50$c20221202$lBLL01$h2218
=CAT  \\$aRESET-LEV$b50$c20230102$lBLL01$h0253
=CAT  \\$aRESET-LEV$b50$c20230202$lBLL01$h2119
=CAT  \\$aRESET-LEV$b50$c20230302$lBLL01$h2127
=CAT  \\$aRESET-LEV$b50$c20230403$lBLL01$h0235
=CAT  \\$aRESET-LEV$b50$c20230502$lBLL01$h0318
=CAT  \\$aRESET-LEV$b50$c20230602$lBLL01$h2218
=CAT  \\$aRESET-LEV$b50$c20230703$lBLL01$h0459
=CAT  \\$aRESET-LEV$b50$c20230802$lBLL01$h0201
=CAT  \\$aRESET-LEV$b50$c20230902$lBLL01$h1727
=CAT  \\$aRESET-LEV$b50$c20231002$lBLL01$h0431
=CFI  0\$aBritish Library not licensed to copy$c0$e01-oct-2012$hC$iCFP Excluded$5Uk
=CFI  2\$aBritish Library not licensed to copy$c0$e01-jul-2012$hC$iCLA Excluded$5Uk
=FIN  \\$aY
=FMT  \\$a  SE
=LAS  \\$aRESET-LEV$b50$c20231002$lBLL01$h0431
=LEO  \\$aMP22.0000033527
=NID  \\$aNID0000218
=SRC  \\$aISN01$bbibmp22.200404.2.aa
=TCO  \\$aCLA$bCLA$c008

