=LDR  06492cas a22012257a 4500
=001  010817991
=003  Uk
=005  20220301150947.0
=007  ta
=008  901025d18812003enkwr\n\\\\\\\0\\\a0eng\\
=022  1\$a0961-074X$202
=040  \\$aUk$cUk$dUk
=082  04$a072.265$222
=222  \0$aMid Sussex times
=245  00$aMid Sussex times.
=260  \\$aHaywards Heath :$bCharles Clarke Ltd.,$c1881-
=260  2\$aSt. Leonards :$bSenews
=260  2\$aLondon :$bLadbroke Publications
=260  2\$31987-1995$aLondon :$bEmap
=260  3\$31996-$aHorsham :$bJohnston Press
=310  \\$aWeekly
=336  \\$atext$2rdacontent
=337  \\$aunmediated$2rdamedia
=338  \\$avolume$2rdacarrier
=362  1\$aBegan with number 1 (January 12, 1881).
=540  \\$aBritish Library not licensed to copy$c0$5Uk
=651  \0$aHaywards Heath (England)$vNewspapers.
=651  \0$aWest Sussex (England)$vNewspapers.
=785  06$tMid Sussex times (Burgess Hill and surrounding villages ed.)$x1479-7895
=785  06$tMid Sussex times (Haywards Heath and surrounding villages ed.)$x1479-7909
=852  41$31962$aBritish Library$bNPL$j1090 [1962]
=852  41$aBritish Library$bNPL$jNEWS shelfmarks - see explore.bl.uk for full holdings
=852  41$aBritish Library$bHMNTS$zMicroform.$jMFM shelfmarks - see explore.bl.uk for full holdings
=852  41$31881-2003$aBritish Library$bNPL
=856  42$31881-1888, 1890-1945$uhttp://www.britishnewspaperarchive.co.uk/search/results?TitleId=BL/0001598$yBritish Newspaper Archive
=866  \\$a1881-2003; Print issues are not available for conservation reasons where an alternative format exists. See separate record for microfilm holdings.
=ACF  \\$aBritish Library not licensed to copy$c0$e01-apr-2012$hC$iCLA Excluded$5Uk
=ACF  \\$aBritish Library not licensed to copy$c0$e01-jan-2012$hC$iCLA Excluded$5Uk
=ACF  \\$aBritish Library not licensed to copy$c0$e01-oct-2011$hC$iCLA Excluded$5Uk
=ACF  \\$aBritish Library not licensed to copy$c0$e01-jul-2011$hC$iCLA Excluded$5Uk
=ACF  \\$aBritish Library not licensed to copy$c0$e01-apr-2011$hC$iCLA Excluded$5Uk
=ACF  \\$aBritish Library not licensed to copy$c0$e01-jan-2011$hC$iCLA Excluded$5Uk
=ACF  \\$aBritish Library not licensed to copy$c0$e01-oct-2010$hC$iCLA Excluded$5Uk
=ACF  \\$aBritish Library not licensed to copy$c0$e01-jul-2010$hC$iCLA Excluded$5Uk
=ACF  \\$aBritish Library not licensed to copy$c0$e01-apr-2010$hC$iCLA Excluded$5Uk
=ACF  \\$aBritish Library not licensed to copy$c0$e01-Jan-2010$hC$iCLA Excluded$5Uk
=ACF  \\$aBritish Library not licensed to copy$c0$e01-oct-2009$hC$iCLA Excluded$5Uk
=ACF  \\$aBritish Library not licensed to copy$c0$e01-jul-2009$hC$iCLA Excluded$5Uk
=ACF  \\$aBritish Library not licensed to copy$c0$e01-apr-2009$hC$iCLA Excluded$5Uk
=ACF  \\$aBritish Library not licensed to copy$c0$e01-jan-2009$hC$iCLA Excluded$5Uk
=ACF  \\$aBritish Library not licensed to copy$c0$e01-oct-2008$hC$iCLA Excluded$5Uk
=ACF  \\$aBritish Library not licensed to copy$c0$e01-jul-2008$hC$iCLA Excluded$5Uk
=ACF  \\$aBritish Library not licensed to copy$c0$e01-apr-2008$hC$iCLA Excluded$5Uk
=ACF  \\$aBritish Library not licensed to copy$c0$e01-jan-2008$hC$iCLA Excluded$5Uk
=ACF  \\$aBritish Library not licensed to copy$c0$e01-oct-2007$hC$iCLA Excluded$5Uk
=ACF  \\$aBritish Library not licensed to copy$c0$e01-jul-2007$hC$iCLA Excluded$5Uk
=ACF  \\$aBritish Library not licensed to copy$c0$e01-apr-2007$hC$iCLA Excluded$5Uk
=ACF  \\$aBritish Library not licensed to copy$c0$e01-jan-2007$hC$iCLA Excluded$5Uk
=ACF  \\$aBritish Library not licensed to copy$c0$e01-oct-2006$hC$iCLA Excluded$5Uk
=ACF  \\$aBritish Library not licensed to copy$c0$e01-jul-2006$hC$iCLA Excluded$5Uk
=ACF  \\$aBritish Library not licensed to copy$c0$e01-apr-2006$hC$iCLA Excluded$5Uk
=ACF  \\$aBritish Library not licensed to copy$c0$e01-jan-2006$hC$iCLA Excluded$5Uk
=ACF  \\$aBritish Library not licensed to copy$c0$e01-oct-2005$hC$iCLA Excluded$5Uk
=ACF  \\$aBritish Library not licensed to copy$c0$e01-jul-2005$hC$iCLA Excluded$5Uk
=ACF  \\$aBritish Library not licensed to copy$c0$e01-apr-2005$hC$iCLA Excluded$5Uk
=ACF  \\$aBritish Library not licensed to copy$c0$e01-jan-2005$hC$iCLA Excluded$5Uk
=ACF  \\$aBritish Library not licensed to copy$c0$e01-oct-2004$hC$iCLA Excluded$5Uk
=ACF  \\$aBritish Library not licensed to copy$c0$e01-jul-2012$hC$iCLA Excluded$5Uk
=CAT  \\$aCONV$b00$c20040425$lBLL90$h0849
=CAT  \\$aBATCH-856$b50$c20220207$lBLL01$h0756
=CAT  \\$aBATCH-UPD$b50$c20220207$lBLL01$h0757
=CAT  \\$aBATCH-856$b50$c20220214$lBLL01$h0937
=CAT  \\$aBATCH-UPD$b50$c20220214$lBLL01$h0938
=CAT  \\$aBATCH-856$b50$c20220301$lBLL01$h1509
=CAT  \\$aBATCH-UPD$b50$c20220301$lBLL01$h1510
=CAT  \\$aRESET-LEV$b50$c20220302$lBLL01$h0050
=CAT  \\$aRESET-LEV$b50$c20220401$lBLL01$h2224
=CAT  \\$aRESET-LEV$b50$c20220502$lBLL01$h0236
=CAT  \\$aRESET-LEV$b50$c20220602$lBLL01$h2118
=CAT  \\$aRESET-LEV$b50$c20220701$lBLL01$h2224
=CAT  \\$aRESET-LEV$b50$c20220802$lBLL01$h0347
=CAT  \\$aRESET-LEV$b50$c20220902$lBLL01$h2213
=CAT  \\$aRESET-LEV$b50$c20221003$lBLL01$h0407
=CAT  \\$aRESET-LEV$b50$c20221102$lBLL01$h0226
=CAT  \\$aRESET-LEV$b50$c20221202$lBLL01$h2218
=CAT  \\$aRESET-LEV$b50$c20230102$lBLL01$h0253
=CAT  \\$aRESET-LEV$b50$c20230202$lBLL01$h2119
=CAT  \\$aRESET-LEV$b50$c20230302$lBLL01$h2127
=CAT  \\$aRESET-LEV$b50$c20230403$lBLL01$h0235
=CAT  \\$aRESET-LEV$b50$c20230502$lBLL01$h0318
=CAT  \\$aRESET-LEV$b50$c20230602$lBLL01$h2218
=CAT  \\$aRESET-LEV$b50$c20230703$lBLL01$h0459
=CAT  \\$aRESET-LEV$b50$c20230802$lBLL01$h0201
=CAT  \\$aRESET-LEV$b50$c20230902$lBLL01$h1727
=CAT  \\$aRESET-LEV$b50$c20231002$lBLL01$h0431
=CFI  0\$aBritish Library not licensed to copy$c0$e01-jan-2014$hC$iCFP Excluded$5Uk
=CFI  2\$aBritish Library not licensed to copy$c0$e01-oct-2012$hC$iCFP Excluded$5Uk
=FIN  \\$aY
=FMT  \\$a  SE
=LAS  \\$aRESET-LEV$b50$c20231002$lBLL01$h0431
=LEO  \\$aMP22.0000033731
=LKR  \\$aPAR$b015779224$lBLL01$r776$mMid Sussex times (Print)$nMid Sussex times (Microfilm)
=NID  \\$aNID0000224
=SRC  \\$aISN01$bbibmp22.200404.2.aa
=TCO  \\$aCLA$bCLA$c008

