=LDR  04717cas a2201009 a 4500
=001  010818059
=003  Uk
=005  20220301150947.0
=007  ta
=008  901025d18802011enkwr\n\\\\\\\0\\\a0eng\\
=022  1\$a0961-1932$202
=040  \\$aUk$beng$cUk$dUk
=042  \\$aissnuk$aukblsr
=082  04$a072.819$222
=222  \0$aWharfedale & Airedale observer
=245  00$aWharfedale & Airedale observer.
=246  3\$aWharfedale and Airedale observer
=246  13$aWharfedale observer
=260  \\$aOtley :$bBradford & District Newspapers,$c1880-2011.
=260  3\$aBradford :$bNewsquest Bradford
=300  \\$av. :$bill. (some col.), ports. (some col.) ;$c60 cm.
=310  \\$aWeekly
=336  \\$atext$2rdacontent
=337  \\$aunmediated$2rdamedia
=338  \\$avolume$2rdacarrier
=362  0\$aNo. 1 (June 4, 1880)-Feb. 3, 2011.
=540  \\$aBritish Library not licensed to copy$c0$5Uk
=580  \\$aMerged with: Ilkely gazette, to become: Ilkley, Wharfedale & Aireborough gazette & observer.
=588  \\$aDescription based on final issue.
=651  \0$aOtley (West Yorkshire, England)$vNewspapers.
=651  \0$aGuiseley (England)$vNewspapers.
=651  \0$aYeadon (England)$vNewspapers.
=651  \0$aWest Yorkshire (England)$vNewspapers.
=752  \\$aEngland$bWest Yorkshire$dOtley.$2blnpn
=785  17$tIlkley gazette$x0961-1916
=785  17$tIlkley, Wharfedale & Aireborough gazette & observer$x2046-2107
=852  41$aBritish Library$bNPL
=852  41$31890$aBritish Library$bNPL$cEW$j48 [1890]
=852  41$aBritish Library$bNPL$jNEWS shelfmarks - see explore.bl.uk for full holdings
=852  41$aBritish Library$bHMNTS$zMicroform.$jMFM shelfmarks - see explore.bl.uk for full holdings
=856  42$31880-1896, 1898-1911$uhttp://www.britishnewspaperarchive.co.uk/search/results?TitleId=BL/0001823$yBritish Newspaper Archive
=866  \\$aNewspapers :No. 1 (4 June 1880)-(3 Feb. 2011) ; Print issues are not made available where an alternative format exists. See separate record for microfilm holdings
=ACF  \\$aBritish Library not licensed to copy$c0$e01-apr-2012$hC$iCLA Excluded$5Uk
=ACF  \\$aBritish Library not licensed to copy$c0$e01-jan-2012$hC$iCLA Excluded$5Uk
=ACF  \\$aBritish Library not licensed to copy$c0$e01-oct-2011$hC$iCLA Excluded$5Uk
=ACF  \\$aBritish Library not licensed to copy$c0$e01-jul-2011$hC$iCLA Excluded$5Uk
=ACF  \\$aBritish Library not licensed to copy$c0$e01-apr-2011$hC$iCLA Excluded$5Uk
=ACF  \\$aBritish Library not licensed to copy$c0$e01-jan-2011$hC$iCLA Excluded$5Uk
=ACF  \\$aBritish Library not licensed to copy$c0$e01-oct-2004$hC$iCLA Excluded$5Uk
=ACF  \\$aBritish Library not licensed to copy$c0$e01-jul-2012$hC$iCLA Excluded$5Uk
=CAT  \\$aCONV$b00$c20040425$lBLL90$h0849
=CAT  \\$aBATCH-856$b50$c20220207$lBLL01$h0756
=CAT  \\$aBATCH-UPD$b50$c20220207$lBLL01$h0757
=CAT  \\$aBATCH-856$b50$c20220214$lBLL01$h0937
=CAT  \\$aBATCH-UPD$b50$c20220214$lBLL01$h0938
=CAT  \\$aBATCH-856$b50$c20220301$lBLL01$h1509
=CAT  \\$aBATCH-UPD$b50$c20220301$lBLL01$h1510
=CAT  \\$aRESET-LEV$b50$c20220302$lBLL01$h0050
=CAT  \\$aRESET-LEV$b50$c20220401$lBLL01$h2224
=CAT  \\$aRESET-LEV$b50$c20220502$lBLL01$h0236
=CAT  \\$aRESET-LEV$b50$c20220602$lBLL01$h2118
=CAT  \\$aRESET-LEV$b50$c20220701$lBLL01$h2224
=CAT  \\$aRESET-LEV$b50$c20220802$lBLL01$h0347
=CAT  \\$aRESET-LEV$b50$c20220902$lBLL01$h2213
=CAT  \\$aRESET-LEV$b50$c20221003$lBLL01$h0407
=CAT  \\$aRESET-LEV$b50$c20221102$lBLL01$h0226
=CAT  \\$aRESET-LEV$b50$c20221202$lBLL01$h2218
=CAT  \\$aRESET-LEV$b50$c20230102$lBLL01$h0253
=CAT  \\$aRESET-LEV$b50$c20230202$lBLL01$h2119
=CAT  \\$aRESET-LEV$b50$c20230302$lBLL01$h2127
=CAT  \\$aRESET-LEV$b50$c20230403$lBLL01$h0235
=CAT  \\$aRESET-LEV$b50$c20230502$lBLL01$h0318
=CAT  \\$aRESET-LEV$b50$c20230602$lBLL01$h2218
=CAT  \\$aRESET-LEV$b50$c20230703$lBLL01$h0459
=CAT  \\$aRESET-LEV$b50$c20230802$lBLL01$h0201
=CAT  \\$aRESET-LEV$b50$c20230902$lBLL01$h1727
=CAT  \\$aRESET-LEV$b50$c20231002$lBLL01$h0431
=CFI  0\$aBritish Library not licensed to copy$c0$e01-jan-2014$hC$iCFP Excluded$5Uk
=CFI  2\$aBritish Library not licensed to copy$c0$e01-oct-2012$hC$iCFP Excluded$5Uk
=FIN  \\$aY
=FMT  \\$a  SE
=LAS  \\$aRESET-LEV$b50$c20231002$lBLL01$h0431
=LEO  \\$aMP22.0000033836
=LKR  \\$aPAR$b013891382$lBLL01$r776$mWharfedale & Airedale observer (Print)$nWharfedale & Airedale observer (Microfilm)
=NID  \\$aNID0000234
=SRC  \\$aISN01$bbibmp22.200404.2.aa
=TCO  \\$aCLA$bCLA$c008

