=LDR  07535cas a22013577a 4500
=001  010818082
=003  Uk
=005  20220301150947.0
=007  ta
=008  901120d18522021enkwr\n\\\\\\\0\\\a0eng\\
=019  c\$a2506228
=022  1\$a0961-2459$202
=040  \\$aUk$cUk$dUk
=082  04$a072.815$222
=130  0\$aWakefield express (City edition)
=222  \0$aWakefield express$b(City ed.)
=245  14$aThe Wakefield express.
=260  \\$aWakefield :$bYorkshire Weekly Newspaper Group
=336  \\$atext$2rdacontent
=337  \\$aunmediated$2rdamedia
=338  \\$avolume$2rdacarrier
=362  1\$aCeased with Thursday July 15, 2021 issue.
=540  \\$aBritish Library not licensed to copy$c0$5Uk
=595  \\$aSEE CARD INDEX.
=651  \0$aWakefield (England)$vNewspapers.
=651  \0$aWest Yorkshire (England)$vNewspapers.
=740  0\$aWakefield express and Barnsley, Pontefract & Dewsbury advertiser.$5Uk
=785  00$tWakefield express.co.uk$x2755-743X
=787  0\$tWakefield extra$x2042-3756
=787  0\$tMidweek extra (Wakefield edition)$x2042-3764
=852  41$31864$aBritish Library$bNPL$cEW$j1772 [1864]
=852  41$31868$aBritish Library$bNPL$cEW$jM78772
=852  41$31867$aBritish Library$bNPL$cEW$jM78771
=852  41$31866$aBritish Library$bNPL$cEW$jM78770
=852  41$aBritish Library$bNPL$jNEWS shelfmarks - see explore.bl.uk for full holdings
=852  41$aBritish Library$bHMNTS$zMicroform.$jMFM shelfmarks - see explore.bl.uk for full holdings
=852  41$31896$aBritish Library$bNPL$cEW$j491-3 [1896]
=852  41$aBritish Library$bNPL$jPENN shelfmarks - see explore.bl.uk for full holdings
=852  41$aBritish Library$bNPL$3No. 1 (13 Mar. 1852)-; Print issues are not available for conservation reasons where an alternative format exists. See separate record for microfilm holdings
=856  42$31862, 1870, 1873, 1879, 1889, 1892, 1897-1898, 1902, 1910-1911, 1918$uhttp://www.britishnewspaperarchive.co.uk/search/results?TitleId=BL/0002968$yBritish Newspaper Archive
=945  \\$aWAKEFIELD EXPRESS
=979  \\$aBritish Library$bDSC$j9261.430650N
=985  \\$aBNA shows that original title was 'Wakefield express and Barnsley, Pontefract & Dewsbury advertiser' (with minor variations to the advertiser title) until at least 1918. Unable to determine when the advertiser title was dropped or when 'City' edition statement was added (no later than Nov. 1990 according to ISSN) - RCB 18/11/21.
=ACF  \\$aBritish Library not licensed to copy$c0$e01-apr-2012$hC$iCLA Excluded$5Uk
=ACF  \\$aBritish Library not licensed to copy$c0$e01-jan-2012$hC$iCLA Excluded$5Uk
=ACF  \\$aBritish Library not licensed to copy$c0$e01-oct-2011$hC$iCLA Excluded$5Uk
=ACF  \\$aBritish Library not licensed to copy$c0$e01-jul-2011$hC$iCLA Excluded$5Uk
=ACF  \\$aBritish Library not licensed to copy$c0$e01-apr-2011$hC$iCLA Excluded$5Uk
=ACF  \\$aBritish Library not licensed to copy$c0$e01-jan-2011$hC$iCLA Excluded$5Uk
=ACF  \\$aBritish Library not licensed to copy$c0$e01-oct-2010$hC$iCLA Excluded$5Uk
=ACF  \\$aBritish Library not licensed to copy$c0$e01-jul-2010$hC$iCLA Excluded$5Uk
=ACF  \\$aBritish Library not licensed to copy$c0$e01-apr-2010$hC$iCLA Excluded$5Uk
=ACF  \\$aBritish Library not licensed to copy$c0$e01-Jan-2010$hC$iCLA Excluded$5Uk
=ACF  \\$aBritish Library not licensed to copy$c0$e01-oct-2009$hC$iCLA Excluded$5Uk
=ACF  \\$aBritish Library not licensed to copy$c0$e01-jul-2009$hC$iCLA Excluded$5Uk
=ACF  \\$aBritish Library not licensed to copy$c0$e01-apr-2009$hC$iCLA Excluded$5Uk
=ACF  \\$aBritish Library not licensed to copy$c0$e01-jan-2009$hC$iCLA Excluded$5Uk
=ACF  \\$aBritish Library not licensed to copy$c0$e01-oct-2008$hC$iCLA Excluded$5Uk
=ACF  \\$aBritish Library not licensed to copy$c0$e01-jul-2008$hC$iCLA Excluded$5Uk
=ACF  \\$aBritish Library not licensed to copy$c0$e01-apr-2008$hC$iCLA Excluded$5Uk
=ACF  \\$aBritish Library not licensed to copy$c0$e01-jan-2008$hC$iCLA Excluded$5Uk
=ACF  \\$aBritish Library not licensed to copy$c0$e01-oct-2007$hC$iCLA Excluded$5Uk
=ACF  \\$aBritish Library not licensed to copy$c0$e01-jul-2007$hC$iCLA Excluded$5Uk
=ACF  \\$aBritish Library not licensed to copy$c0$e01-apr-2007$hC$iCLA Excluded$5Uk
=ACF  \\$aBritish Library not licensed to copy$c0$e01-jan-2007$hC$iCLA Excluded$5Uk
=ACF  \\$aBritish Library not licensed to copy$c0$e01-oct-2006$hC$iCLA Excluded$5Uk
=ACF  \\$aBritish Library not licensed to copy$c0$e01-jul-2006$hC$iCLA Excluded$5Uk
=ACF  \\$aBritish Library not licensed to copy$c0$e01-apr-2006$hC$iCLA Excluded$5Uk
=ACF  \\$aBritish Library not licensed to copy$c0$e01-jan-2006$hC$iCLA Excluded$5Uk
=ACF  \\$aBritish Library not licensed to copy$c0$e01-oct-2005$hC$iCLA Excluded$5Uk
=ACF  \\$aBritish Library not licensed to copy$c0$e01-jul-2005$hC$iCLA Excluded$5Uk
=ACF  \\$aBritish Library not licensed to copy$c0$e01-apr-2005$hC$iCLA Excluded$5Uk
=ACF  \\$aBritish Library not licensed to copy$c0$e01-jan-2005$hC$iCLA Excluded$5Uk
=ACF  \\$aBritish Library not licensed to copy$c0$e01-oct-2004$hC$iCLA Excluded$5Uk
=ACF  \\$aBritish Library not licensed to copy$c0$e01-jul-2012$hC$iCLA Excluded$5Uk
=CAT  \\$aCONV$b00$c20040425$lBLL90$h0849
=CAT  \\$aBATCH-856$b50$c20220207$lBLL01$h0756
=CAT  \\$aBATCH-UPD$b50$c20220207$lBLL01$h0757
=CAT  \\$aBATCH-856$b50$c20220214$lBLL01$h0937
=CAT  \\$aBATCH-UPD$b50$c20220214$lBLL01$h0938
=CAT  \\$aBATCH-856$b50$c20220301$lBLL01$h1509
=CAT  \\$aBATCH-UPD$b50$c20220301$lBLL01$h1510
=CAT  \\$aRESET-LEV$b50$c20220302$lBLL01$h0050
=CAT  \\$aRESET-LEV$b50$c20220401$lBLL01$h2224
=CAT  \\$aRESET-LEV$b50$c20220502$lBLL01$h0236
=CAT  \\$aRESET-LEV$b50$c20220602$lBLL01$h2118
=CAT  \\$aRESET-LEV$b50$c20220701$lBLL01$h2224
=CAT  \\$aRESET-LEV$b50$c20220802$lBLL01$h0347
=CAT  \\$aRESET-LEV$b50$c20220902$lBLL01$h2213
=CAT  \\$aRESET-LEV$b50$c20221003$lBLL01$h0407
=CAT  \\$aRESET-LEV$b50$c20221102$lBLL01$h0226
=CAT  \\$aRESET-LEV$b50$c20221202$lBLL01$h2218
=CAT  \\$aRESET-LEV$b50$c20230102$lBLL01$h0253
=CAT  \\$aRESET-LEV$b50$c20230202$lBLL01$h2119
=CAT  \\$aRESET-LEV$b50$c20230302$lBLL01$h2127
=CAT  \\$aRESET-LEV$b50$c20230403$lBLL01$h0235
=CAT  \\$aRESET-LEV$b50$c20230502$lBLL01$h0318
=CAT  \\$aRESET-LEV$b50$c20230602$lBLL01$h2218
=CAT  \\$aRESET-LEV$b50$c20230703$lBLL01$h0459
=CAT  \\$aRESET-LEV$b50$c20230802$lBLL01$h0201
=CAT  \\$aRESET-LEV$b50$c20230902$lBLL01$h1727
=CAT  \\$aRESET-LEV$b50$c20231002$lBLL01$h0431
=CFI  0\$aBritish Library not licensed to copy$c0$e01-jan-2014$hC$iCFP Excluded$5Uk
=CFI  2\$aBritish Library not licensed to copy$c0$e01-oct-2012$hC$iCFP Excluded$5Uk
=FIN  \\$aY
=FMT  \\$a  SE
=LAS  \\$aRESET-LEV$b50$c20231002$lBLL01$h0431
=LEO  \\$aMP10.0000605093
=LEO  \\$aMP22.0000033874
=LKR  \\$aPAR$lBLL01$r776$nThe Wakefield express. (Microfilm)$mThe Wakefield express. (Print)$b013943754
=LKR  \\$aPAR$lBLL01$r787$nWakefield extra$mThe Wakefield express$b015269720
=LKR  \\$aPAR$lBLL01$r787$nMidweek extra (Wakefield edition)$mThe Wakefield express$b015413874
=NID  \\$aNID0000238
=SRC  \\$aDSS01$bbibmp10.200404.2.aa
=SRC  \\$aISN01$bbibmp22.200404.2.aa
=TCO  \\$aCLA$bCLA$c008

