=LDR  05182cas a22009737a 4500
=001  010818458
=003  Uk
=005  20220301150947.0
=007  ta
=008  910319c18719999enkdn\n\\\\\\\0\\\a0eng\\
=022  1\$a0962-1644$202
=040  \\$aUk$beng$cUk
=042  \\$aissnuk
=082  0\$a072.813$222$qUK-WkNB
=222  \0$aHuddersfield daily examiner
=245  00$aHuddersfield daily examiner.
=260  \\$aHuddersfield :$bHuddersfield Newspapers Ltd.
=336  \\$atext$2rdacontent
=337  \\$aunmediated$2rdamedia
=338  \\$avolume$2rdacarrier
=525  \\$aIncludes supplements.
=540  \\$aBritish Library not licensed to copy$c0$5Uk
=651  \0$aHuddersfield (England)$vNewspapers.
=651  \0$aWest Yorkshire (England)$vNewspapers.
=770  0\$tWeekend examiner. Supplement
=787  0\$tMemory lane (Huddersfield edition)$x2753-9490
=852  41$31871-1985$aBritish Library$bNPL$jNEWS177
=852  41$aBritish Library$bNPL$3No. 1 (28 Jan. 1871)-***Microfilm holdings only. Some issues are held in print only. See separate record for print holdings***Huddersfield daily examiner and Weekend examiner (published on Saturdays) are stored and filmed together.
=852  41$aBritish Library$bNPL$3no. 1- (28 Jan. 1871-)***Print copies are not made available when an alternative format exists
=852  41$aBritish Library$bNPL$3No. 1 (28 Jan. 1871)-***Print issues are not available for conservation reasons where an alternative format exists. See separate record for microfilm holdings***Huddersfield daily examiner and Weekend examiner (published on Saturdays) are stored and filmed together.
=852  41$32010-$aBritish Library$bNPL$jNEWS.REG9
=856  42$31871-1872, 1874, 1885-1886, 1888, 1891-1897, 1901-1909, 1914-1918, 1987-1988, 1991$uhttp://www.britishnewspaperarchive.co.uk/search/results?TitleId=BL/0000901$yBritish Newspaper Archive
=985  \\$aCorrected by MS generated file for WR# 12.018
=985  \\$aHuddersfield daily examiner and Weekend examiner (published on Saturdays) are stored and filmed together.
=ACF  \\$aBritish Library not licensed to copy$c0$e01-apr-2012$hC$iCLA Excluded$5Uk
=ACF  \\$aBritish Library not licensed to copy$c0$e01-jan-2012$hC$iCLA Excluded$5Uk
=ACF  \\$aBritish Library not licensed to copy$c0$e01-oct-2011$hC$iCLA Excluded$5Uk
=ACF  \\$aBritish Library not licensed to copy$c0$e01-jul-2011$hC$iCLA Excluded$5Uk
=ACF  \\$aBritish Library not licensed to copy$c0$e01-apr-2011$hC$iCLA Excluded$5Uk
=ACF  \\$aBritish Library not licensed to copy$c0$e01-jan-2011$hC$iCLA Excluded$5Uk
=ACF  \\$aBritish Library not licensed to copy$c0$e01-oct-2010$hC$iCLA Excluded$5Uk
=ACF  \\$aBritish Library not licensed to copy$c0$e01-jul-2010$hC$iCLA Excluded$5Uk
=ACF  \\$aBritish Library not licensed to copy$c0$e01-apr-2010$hC$iCLA Excluded$5Uk
=ACF  \\$aBritish Library not licensed to copy$c0$e01-Jan-2010$hC$iCLA Excluded$5Uk
=ACF  \\$aBritish Library not licensed to copy$c0$e01-oct-2009$hC$iCLA Excluded$5Uk
=ACF  \\$aBritish Library not licensed to copy$c0$e01-jul-2009$hC$iCLA Excluded$5Uk
=ACF  \\$aBritish Library not licensed to copy$c0$e01-oct-2004$hC$iCLA Excluded$5Uk
=ACF  \\$aBritish Library not licensed to copy$c0$e01-jul-2012$hC$iCLA Excluded$5Uk
=CAT  \\$aCONV$b00$c20040425$lBLL90$h0849
=CAT  \\$aBATCH-UPD$b50$c20211101$lBLL01$h1354
=CAT  \\$aBATCH-856$b50$c20211108$lBLL01$h1044
=CAT  \\$aBATCH-UPD$b50$c20211108$lBLL01$h1045
=CAT  \\$aBATCH-856$b50$c20211115$lBLL01$h0939
=CAT  \\$aBATCH-UPD$b50$c20211115$lBLL01$h0940
=CAT  \\$aBATCH-856$b50$c20211122$lBLL01$h1253
=CAT  \\$aBATCH-UPD$b50$c20211122$lBLL01$h1254
=CAT  \\$aBATCH-856$b50$c20211220$lBLL01$h1031
=CAT  \\$aBATCH-UPD$b50$c20211220$lBLL01$h1032
=CAT  \\$aBATCH-856$b50$c20211228$lBLL01$h1449
=CAT  \\$aBATCH-UPD$b50$c20211228$lBLL01$h1452
=CAT  \\$aBATCH-856$b50$c20220104$lBLL01$h0957
=CAT  \\$aBATCH-UPD$b50$c20220104$lBLL01$h0958
=CAT  \\$aBATCH-856$b50$c20220110$lBLL01$h1300
=CAT  \\$aBATCH-UPD$b50$c20220110$lBLL01$h1300
=CAT  \\$aBATCH-856$b50$c20220117$lBLL01$h1433
=CAT  \\$aBATCH-UPD$b50$c20220117$lBLL01$h1440
=CAT  \\$aBATCH-856$b50$c20220131$lBLL01$h1009
=CAT  \\$aBATCH-UPD$b50$c20220131$lBLL01$h1010
=CAT  \\$aBATCH-856$b50$c20220207$lBLL01$h0756
=CAT  \\$aBATCH-UPD$b50$c20220207$lBLL01$h0757
=CAT  \\$aBATCH-856$b50$c20220214$lBLL01$h0937
=CAT  \\$aBATCH-UPD$b50$c20220214$lBLL01$h0938
=CAT  \\$aBATCH-856$b50$c20220301$lBLL01$h1509
=CAT  \\$aBATCH-UPD$b50$c20220301$lBLL01$h1510
=CFI  0\$aBritish Library not licensed to copy$c0$e01-jan-2014$hC$iCFP Excluded$5Uk
=CFI  2\$aBritish Library not licensed to copy$c0$e01-oct-2012$hC$iCFP Excluded$5Uk
=FIN  \\$aY
=FMT  \\$a  SE
=LAS  \\$aBATCH-UPD$b50$c20220301$lBLL01$h1510
=LEO  \\$aMP22.0000034612
=LKR  \\$aPAR$b015402123$lBLL01$r770$mHuddersfield daily examiner$nThe weekend examiner.
=NID  \\$aNID0000273
=SRC  \\$aISN01$bbibmp22.200404.2.aa
=TCO  \\$aCLA$bCLA$c008

