=LDR  06352cas a22011897a 4500
=001  010818710
=003  Uk
=005  20220914113151.0
=007  ta
=008  910319d19202017enkwr\n\\\\\\\0\\\a0eng\\
=022  1\$a0962-5739$202
=040  \\$aUk$cUk$dUk
=042  \\$aissnukll
=082  04$a072.717$222
=222  \0$aEllesmere Port pioneer
=245  00$aEllesmere Port pioneer.
=260  \\$aEllesmere Port :$bEllesmere Port Pioneer ;$aChester :$bChester Chronicle and Associated Newspapers.
=310  \\$aWeekly
=336  \\$atext$2rdacontent
=337  \\$aunmediated$2rdamedia
=338  \\$avolume$2rdacarrier
=540  \\$aBritish Library not licensed to copy$c0$5Uk
=651  \0$aCheshire (England)$vNewspapers.
=651  \0$aEllesmere Port (England)$vNewspapers.
=752  \\$aEngland$bCheshire$dEllesmere Port.$2blnpn
=852  41$31933$aBritish Library$bNPL$cEW$j689A [1932]$xBound with 1932
=852  41$31924$aBritish Library$bNPL
=852  41$aBritish Library$bNPL$jNEWS shelfmarks - see explore.bl.uk for full holdings
=852  41$31933$aBritish Library$bNPL$cEW$j689A [1932]$xBound with 1932
=852  41$aBritish Library$bHMNTS$zMicroform.$jMFM shelfmarks - see explore.bl.uk for full holdings
=856  42$31988-1989$uhttp://www.britishnewspaperarchive.co.uk/search/results?TitleId=BL/0003795$yBritish Newspaper Archive
=866  \0$aNewspapers :no. 831- (3 July 1936-) ISSUES TO 1985 AVAILABLE IN PRINT. FOR ISSUES 1986- SEE MICROFILM.
=985  \\$aISSN record upgraded to allow accessioning of print newspapers.
=ACF  \\$aBritish Library not licensed to copy$c0$e01-apr-2012$hC$iCLA Excluded$5Uk
=ACF  \\$aBritish Library not licensed to copy$c0$e01-jan-2012$hC$iCLA Excluded$5Uk
=ACF  \\$aBritish Library not licensed to copy$c0$e01-oct-2011$hC$iCLA Excluded$5Uk
=ACF  \\$aBritish Library not licensed to copy$c0$e01-jul-2011$hC$iCLA Excluded$5Uk
=ACF  \\$aBritish Library not licensed to copy$c0$e01-apr-2011$hC$iCLA Excluded$5Uk
=ACF  \\$aBritish Library not licensed to copy$c0$e01-jan-2011$hC$iCLA Excluded$5Uk
=ACF  \\$aBritish Library not licensed to copy$c0$e01-oct-2010$hC$iCLA Excluded$5Uk
=ACF  \\$aBritish Library not licensed to copy$c0$e01-jul-2010$hC$iCLA Excluded$5Uk
=ACF  \\$aBritish Library not licensed to copy$c0$e01-apr-2010$hC$iCLA Excluded$5Uk
=ACF  \\$aBritish Library not licensed to copy$c0$e01-Jan-2010$hC$iCLA Excluded$5Uk
=ACF  \\$aBritish Library not licensed to copy$c0$e01-oct-2009$hC$iCLA Excluded$5Uk
=ACF  \\$aBritish Library not licensed to copy$c0$e01-jul-2009$hC$iCLA Excluded$5Uk
=ACF  \\$aBritish Library not licensed to copy$c0$e01-apr-2009$hC$iCLA Excluded$5Uk
=ACF  \\$aBritish Library not licensed to copy$c0$e01-jan-2009$hC$iCLA Excluded$5Uk
=ACF  \\$aBritish Library not licensed to copy$c0$e01-oct-2008$hC$iCLA Excluded$5Uk
=ACF  \\$aBritish Library not licensed to copy$c0$e01-jul-2008$hC$iCLA Excluded$5Uk
=ACF  \\$aBritish Library not licensed to copy$c0$e01-apr-2008$hC$iCLA Excluded$5Uk
=ACF  \\$aBritish Library not licensed to copy$c0$e01-jan-2008$hC$iCLA Excluded$5Uk
=ACF  \\$aBritish Library not licensed to copy$c0$e01-oct-2007$hC$iCLA Excluded$5Uk
=ACF  \\$aBritish Library not licensed to copy$c0$e01-jul-2007$hC$iCLA Excluded$5Uk
=ACF  \\$aBritish Library not licensed to copy$c0$e01-apr-2007$hC$iCLA Excluded$5Uk
=ACF  \\$aBritish Library not licensed to copy$c0$e01-jan-2007$hC$iCLA Excluded$5Uk
=ACF  \\$aBritish Library not licensed to copy$c0$e01-oct-2006$hC$iCLA Excluded$5Uk
=ACF  \\$aBritish Library not licensed to copy$c0$e01-jul-2006$hC$iCLA Excluded$5Uk
=ACF  \\$aBritish Library not licensed to copy$c0$e01-apr-2006$hC$iCLA Excluded$5Uk
=ACF  \\$aBritish Library not licensed to copy$c0$e01-jan-2006$hC$iCLA Excluded$5Uk
=ACF  \\$aBritish Library not licensed to copy$c0$e01-oct-2005$hC$iCLA Excluded$5Uk
=ACF  \\$aBritish Library not licensed to copy$c0$e01-jul-2005$hC$iCLA Excluded$5Uk
=ACF  \\$aBritish Library not licensed to copy$c0$e01-apr-2005$hC$iCLA Excluded$5Uk
=ACF  \\$aBritish Library not licensed to copy$c0$e01-jan-2005$hC$iCLA Excluded$5Uk
=ACF  \\$aBritish Library not licensed to copy$c0$e01-oct-2004$hC$iCLA Excluded$5Uk
=ACF  \\$aBritish Library not licensed to copy$c0$e01-jul-2012$hC$iCLA Excluded$5Uk
=CAT  \\$aCONV$b00$c20040425$lBLL90$h0849
=CAT  \\$aRESET-LEV$b50$c20211202$lBLL01$h2118
=CAT  \\$aRESET-LEV$b50$c20220103$lBLL01$h0028
=CAT  \\$aRESET-LEV$b50$c20220202$lBLL01$h0135
=CAT  \\$aBATCH-856$b50$c20220301$lBLL01$h1509
=CAT  \\$aBATCH-UPD$b50$c20220301$lBLL01$h1510
=CAT  \\$aRESET-LEV$b50$c20220302$lBLL01$h0050
=CAT  \\$aRESET-LEV$b50$c20220401$lBLL01$h2225
=CAT  \\$aRESET-LEV$b50$c20220502$lBLL01$h0236
=CAT  \\$aRESET-LEV$b50$c20220602$lBLL01$h2119
=CAT  \\$aRESET-LEV$b50$c20220701$lBLL01$h2225
=CAT  \\$aRESET-LEV$b50$c20220802$lBLL01$h0348
=CAT  \\$aRESET-LEV$b50$c20220902$lBLL01$h2214
=CAT  \\$a6490N$b50$c20220914$lBLL01$h1131
=CAT  \\$aRESET-LEV$b50$c20221003$lBLL01$h0407
=CAT  \\$aRESET-LEV$b50$c20221102$lBLL01$h0227
=CAT  \\$aRESET-LEV$b50$c20221202$lBLL01$h2218
=CAT  \\$aRESET-LEV$b50$c20230102$lBLL01$h0253
=CAT  \\$aRESET-LEV$b50$c20230202$lBLL01$h2120
=CAT  \\$aRESET-LEV$b50$c20230302$lBLL01$h2127
=CAT  \\$aRESET-LEV$b50$c20230403$lBLL01$h0235
=CAT  \\$aRESET-LEV$b50$c20230502$lBLL01$h0318
=CAT  \\$aRESET-LEV$b50$c20230602$lBLL01$h2219
=CAT  \\$aRESET-LEV$b50$c20230703$lBLL01$h0459
=CAT  \\$aRESET-LEV$b50$c20230802$lBLL01$h0201
=CAT  \\$aRESET-LEV$b50$c20230902$lBLL01$h1727
=CAT  \\$aRESET-LEV$b50$c20231002$lBLL01$h0431
=CFI  0\$aBritish Library not licensed to copy$c0$e01-jan-2014$hC$iCFP Excluded$5Uk
=CFI  2\$aBritish Library not licensed to copy$c0$e01-oct-2012$hC$iCFP Excluded$5Uk
=FIN  \\$aY
=FMT  \\$a  SE
=LAS  \\$aRESET-LEV$b50$c20231002$lBLL01$h0431
=LEO  \\$aMP22.0000034969
=LKR  \\$aPAR$b013894339$lBLL01$r776$mEllesmere Port pioneer (Print)$nEllesmere Port pioneer (Microfilm)
=NID  \\$aNID0000302
=SRC  \\$aISN01$bbibmp22.200404.2.aa
=TCO  \\$aCLA$bCLA$c008

