=LDR  06089cas a22012497a 4500
=001  010818973
=003  Uk
=005  20220301150947.0
=007  ta
=008  910813c18839999enkdn\n\\\\\\\0\\\a0eng\\
=019  c\$a2258916
=022  0\$a0963-1496$202
=040  \\$aUk$cUk$dUk
=042  \\$aissnuk
=082  04$a072.819$222
=222  \0$aYorkshire post
=245  00$aYorkshire post.
=260  \\$aLeeds :$bYorkshire Post Newspapers
=310  \\$aDaily (except Sunday)
=336  \\$atext$2rdacontent
=337  \\$aunmediated$2rdamedia
=338  \\$avolume$2rdacarrier
=540  \\$aBritish Library not licensed to copy$c0$5Uk
=595  \\$aFORMERLY 5181.285N ABSORBS 5181.302N SEE LC STORE FOR LAST 3 MONTHS SEE ALSO CARD INDEX.
=651  \0$aLeeds (England)$vNewspapers.
=651  \0$aWest Yorkshire (England)$vNewspapers.
=752  \\$aEngland$bWest Yorkshire$dLeeds.$2blnpn
=770  0\$tYorkshire post. Housing and building trades supplement
=780  00$tYorkshire post and Leeds intelligencer
=852  41$31866-1883$aBritish Library$bNPL$jNEWS625
=852  41$31867$aBritish Library$bHMNTS$zMicroform.$jMFM.M32982-4
=852  41$31868$aBritish Library$bHMNTS$zMicroform.$jMFM.M32985-7
=852  41$31869$aBritish Library$bHMNTS$zMicroform.$jMFM.M32988-90
=852  41$31870$aBritish Library$bHMNTS$zMicroform.$jMFM.M32991-4
=852  41$31873$aBritish Library$bHMNTS$zMicroform.$jMFM.M32995-8
=852  41$31877$aBritish Library$bHMNTS$zJan - Sep$zMicroform.$jMFM.M32999-33001
=852  41$31879$aBritish Library$bHMNTS$zMicroform.$jMFM.M37630-5
=852  41$31881$aBritish Library$bHMNTS$zJan - Jun$zMicroform.$jMFM.M33002-3
=852  41$31877$aBritish Library$bHMNTS$zOct - Dec$zMicroform.$jMFM.M84812 [1877]
=852  41$31872$aBritish Library$bHMNTS$zMicroform.$jMFM.M87027-29
=852  41$31871$aBritish Library$bHMNTS$zMicroform.$jMFM.M87024-26
=852  41$31874$aBritish Library$bHMNTS$zMicroform.$jMFM.M87030-32
=852  41$31875$aBritish Library$bHMNTS$zMicroform.$jMFM.M87033-36
=852  41$31876$aBritish Library$bHMNTS$zJul - Dec$zMicroform.$jMFM.M87037-8
=852  41$31878$aBritish Library$bHMNTS$zMicroform.$jMFM.M87039-42
=852  41$31880$aBritish Library$bHMNTS$zMicroform.$jMFM.M87043-46
=852  41$31881$aBritish Library$bHMNTS$zJul - Dec$zMicroform.$jMFM.M87047-8
=852  41$31882$aBritish Library$bHMNTS$zMicroform.$jMFM.M87049-52
=852  41$31883$aBritish Library$bHMNTS$zMicroform.$jMFM.M87053-56
=852  41$31883-1986$aBritish Library$bNPL$jNEWS229
=852  41$aBritish Library$bNPL$32 April 1883-***Print issues are not available for conservation reasons where an alternative format exists. See separate record for microfilm holdings
=852  41$aBritish Library$bDSC$j9421.242800
=852  41$32010-$aBritish Library$bNPL$jNEWS.REG62
=856  42$31883-1897, 1899-1955$uhttp://www.britishnewspaperarchive.co.uk/search/results?TitleId=BL/0000687$yBritish Newspaper Archive
=945  \\$aYORKSHIRE POST -LEEDS-
=959  \\$fHeld but not currently received
=963  \\$a1866- 1997 *A=1$bN$cNPR.B.2032
=ACF  \\$aBritish Library not licensed to copy$c0$e01-apr-2012$hC$iCLA Excluded$5Uk
=ACF  \\$aBritish Library not licensed to copy$c0$e01-jan-2012$hC$iCLA Excluded$5Uk
=ACF  \\$aBritish Library not licensed to copy$c0$e01-oct-2011$hC$iCLA Excluded$5Uk
=ACF  \\$aBritish Library not licensed to copy$c0$e01-jul-2011$hC$iCLA Excluded$5Uk
=ACF  \\$aBritish Library not licensed to copy$c0$e01-apr-2011$hC$iCLA Excluded$5Uk
=ACF  \\$aBritish Library not licensed to copy$c0$e01-jan-2011$hC$iCLA Excluded$5Uk
=ACF  \\$aBritish Library not licensed to copy$c0$e01-oct-2010$hC$iCLA Excluded$5Uk
=ACF  \\$aBritish Library not licensed to copy$c0$e01-jul-2010$hC$iCLA Excluded$5Uk
=ACF  \\$aBritish Library not licensed to copy$c0$e01-apr-2010$hC$iCLA Excluded$5Uk
=ACF  \\$aBritish Library not licensed to copy$c0$e01-oct-2004$hC$iCLA Excluded$5Uk
=ACF  \\$aBritish Library not licensed to copy$c0$e01-jul-2012$hC$iCLA Excluded$5Uk
=CAT  \\$aCONV$b00$c20040425$lBLL90$h0849
=CAT  \\$aBATCH-856$b50$c20220207$lBLL01$h0756
=CAT  \\$aBATCH-UPD$b50$c20220207$lBLL01$h0757
=CAT  \\$aBATCH-856$b50$c20220214$lBLL01$h0937
=CAT  \\$aBATCH-UPD$b50$c20220214$lBLL01$h0938
=CAT  \\$aBATCH-856$b50$c20220301$lBLL01$h1509
=CAT  \\$aBATCH-UPD$b50$c20220301$lBLL01$h1510
=CAT  \\$aRESET-LEV$b50$c20220302$lBLL01$h0050
=CAT  \\$aRESET-LEV$b50$c20220401$lBLL01$h2225
=CAT  \\$aRESET-LEV$b50$c20220502$lBLL01$h0236
=CAT  \\$aRESET-LEV$b50$c20220602$lBLL01$h2119
=CAT  \\$aRESET-LEV$b50$c20220701$lBLL01$h2225
=CAT  \\$aRESET-LEV$b50$c20220802$lBLL01$h0348
=CAT  \\$aRESET-LEV$b50$c20220902$lBLL01$h2214
=CAT  \\$aRESET-LEV$b50$c20221003$lBLL01$h0408
=CAT  \\$aRESET-LEV$b50$c20221102$lBLL01$h0227
=CAT  \\$aRESET-LEV$b50$c20221202$lBLL01$h2218
=CAT  \\$aRESET-LEV$b50$c20230102$lBLL01$h0253
=CAT  \\$aRESET-LEV$b50$c20230202$lBLL01$h2120
=CAT  \\$aRESET-LEV$b50$c20230302$lBLL01$h2127
=CAT  \\$aRESET-LEV$b50$c20230403$lBLL01$h0235
=CAT  \\$aRESET-LEV$b50$c20230502$lBLL01$h0319
=CAT  \\$aRESET-LEV$b50$c20230602$lBLL01$h2219
=CAT  \\$aRESET-LEV$b50$c20230703$lBLL01$h0500
=CAT  \\$aRESET-LEV$b50$c20230802$lBLL01$h0202
=CAT  \\$aRESET-LEV$b50$c20230902$lBLL01$h1728
=CAT  \\$aRESET-LEV$b50$c20231002$lBLL01$h0432
=CFI  0\$aBritish Library not licensed to copy$c0$e01-jan-2014$hC$iCFP Excluded$5Uk
=CFI  2\$aBritish Library not licensed to copy$c0$e01-oct-2012$hC$iCFP Excluded$5Uk
=FIN  \\$aY
=FMT  \\$a  SE
=LAS  \\$aRESET-LEV$b50$c20231002$lBLL01$h0432
=LEO  \\$aMP10.0000623199
=LEO  \\$aMP22.0000035429
=LKR  \\$aPAR$b013889902$lBLL01$r776$mYorkshire post (Print)$nYorkshire post (Microfilm)
=NID  \\$aNID0000334
=SRC  \\$aDSS01$bbibmp10.200404.2.aa
=SRC  \\$aISN01$bbibmp22.200404.2.aa
=TCO  \\$aCLA$bCLA$c008

