=LDR  07087cas a2201309 i 4500
=001  010819352
=003  Uk
=005  20220301150947.0
=007  ta
=008  910716d18552019enkwr\n\\\\\\\0\\\a0eng\\
=015  \\$aGBB0D8794$2bnb
=022  1\$a0963-7591$202
=040  \\$aUk$beng$cUk$dUk$erda
=042  \\$aissnuk$aukblsr
=082  04$a072.7392$222
=222  \0$aHeywood advertiser
=245  04$aThe Heywood advertiser :$band general family newspaper.
=264  \1$aHeywood, Lancashire :$bJ. Heywood,$c[1855]-2019.
=264  21$aRochdale :$bG. & A. N. Scott Ltd.
=264  21$aManchester :$bMEN Weekly Newspapers
=264  21$32010-$aOldham :$bMEN Media
=300  \\$billustrations (black and white, and colour) ;$c36 cm
=310  \\$aWeekly
=336  \\$atext$2rdacontent
=337  \\$aunmediated$2rdamedia
=338  \\$avolume$2rdacarrier
=362  1\$aBegan with number 29 (Saturday, December 29th, 1855).
=362  0\$a-Thursday, October 10, 2019.
=540  \\$aBritish Library not licensed to copy$c0$5Uk
=580  \\$aMerged with: Middleton guardian, to become: Heywood & Middleton guardian.
=588  \\$aDescription based on: [surrogate] number 30 (Saturday, January 5th, 1856).
=588  \\$aLatest issue consulted: Thursday, October 10, 2019.
=651  \0$aHeywood (England)$vNewspapers.
=651  \0$aGreater Manchester (England)$vNewspapers.
=730  0\$aIllustrated Heywood advertiser and general family newspaper.$5Uk
=780  00$tIllustrated Heywood advertiser and general family newspaper
=785  17$tMiddleton guardian (2014)$x2055-7485
=785  17$tHeywood & Middleton guardian$x2633-5506
=852  41$aBritish Library$bHMNTS
=852  41$aBritish Library$bNPL$jNEWS shelfmarks - see explore.bl.uk for full holdings
=852  41$aBritish Library$bHMNTS$zMicroform.$jMFM shelfmarks - see explore.bl.uk for full holdings
=852  41$aBritish Library$bNPL$jPENN shelfmarks - see explore.bl.uk for full holdings
=852  41$31880$aBritish Library$bNPL$cEW$j556 [1880]
=856  42$31855-1890, 1892-1910, 1912-1920, 1960-1974$uhttp://www.britishnewspaperarchive.co.uk/search/results?TitleId=BL/0002441$yBritish Newspaper Archive
=866  \\$aNewspapers: 16 June 1855-Dec. 1865, 1868-1893, 1895-1896, 1898-1910, 1912-1926, 1928-1932, 1934-1944, Jan. 1946-10 Oct. 2019; Print issues are not available for conservation reasons where an alternative format exists. See separate record for microfilm holdings.
=ACF  \\$aBritish Library not licensed to copy$c0$e01-apr-2012$hC$iCLA Excluded$5Uk
=ACF  \\$aBritish Library not licensed to copy$c0$e01-jan-2012$hC$iCLA Excluded$5Uk
=ACF  \\$aBritish Library not licensed to copy$c0$e01-oct-2011$hC$iCLA Excluded$5Uk
=ACF  \\$aBritish Library not licensed to copy$c0$e01-jul-2011$hC$iCLA Excluded$5Uk
=ACF  \\$aBritish Library not licensed to copy$c0$e01-apr-2011$hC$iCLA Excluded$5Uk
=ACF  \\$aBritish Library not licensed to copy$c0$e01-jan-2011$hC$iCLA Excluded$5Uk
=ACF  \\$aBritish Library not licensed to copy$c0$e01-oct-2010$hC$iCLA Excluded$5Uk
=ACF  \\$aBritish Library not licensed to copy$c0$e01-jul-2010$hC$iCLA Excluded$5Uk
=ACF  \\$aBritish Library not licensed to copy$c0$e01-apr-2010$hC$iCLA Excluded$5Uk
=ACF  \\$aBritish Library not licensed to copy$c0$e01-Jan-2010$hC$iCLA Excluded$5Uk
=ACF  \\$aBritish Library not licensed to copy$c0$e01-oct-2009$hC$iCLA Excluded$5Uk
=ACF  \\$aBritish Library not licensed to copy$c0$e01-jul-2009$hC$iCLA Excluded$5Uk
=ACF  \\$aBritish Library not licensed to copy$c0$e01-apr-2009$hC$iCLA Excluded$5Uk
=ACF  \\$aBritish Library not licensed to copy$c0$e01-jan-2009$hC$iCLA Excluded$5Uk
=ACF  \\$aBritish Library not licensed to copy$c0$e01-oct-2008$hC$iCLA Excluded$5Uk
=ACF  \\$aBritish Library not licensed to copy$c0$e01-jul-2008$hC$iCLA Excluded$5Uk
=ACF  \\$aBritish Library not licensed to copy$c0$e01-apr-2008$hC$iCLA Excluded$5Uk
=ACF  \\$aBritish Library not licensed to copy$c0$e01-jan-2008$hC$iCLA Excluded$5Uk
=ACF  \\$aBritish Library not licensed to copy$c0$e01-oct-2007$hC$iCLA Excluded$5Uk
=ACF  \\$aBritish Library not licensed to copy$c0$e01-jul-2007$hC$iCLA Excluded$5Uk
=ACF  \\$aBritish Library not licensed to copy$c0$e01-apr-2007$hC$iCLA Excluded$5Uk
=ACF  \\$aBritish Library not licensed to copy$c0$e01-jan-2007$hC$iCLA Excluded$5Uk
=ACF  \\$aBritish Library not licensed to copy$c0$e01-oct-2006$hC$iCLA Excluded$5Uk
=ACF  \\$aBritish Library not licensed to copy$c0$e01-jul-2006$hC$iCLA Excluded$5Uk
=ACF  \\$aBritish Library not licensed to copy$c0$e01-apr-2006$hC$iCLA Excluded$5Uk
=ACF  \\$aBritish Library not licensed to copy$c0$e01-jan-2006$hC$iCLA Excluded$5Uk
=ACF  \\$aBritish Library not licensed to copy$c0$e01-oct-2005$hC$iCLA Excluded$5Uk
=ACF  \\$aBritish Library not licensed to copy$c0$e01-jul-2005$hC$iCLA Excluded$5Uk
=ACF  \\$aBritish Library not licensed to copy$c0$e01-apr-2005$hC$iCLA Excluded$5Uk
=ACF  \\$aBritish Library not licensed to copy$c0$e01-jul-2012$hC$iCLA Excluded$5Uk
=CAT  \\$aCONV$b00$c20040425$lBLL90$h0849
=CAT  \\$aBATCH-856$b50$c20220207$lBLL01$h0756
=CAT  \\$aBATCH-UPD$b50$c20220207$lBLL01$h0757
=CAT  \\$aBATCH-856$b50$c20220214$lBLL01$h0937
=CAT  \\$aBATCH-UPD$b50$c20220214$lBLL01$h0939
=CAT  \\$aBATCH-856$b50$c20220301$lBLL01$h1509
=CAT  \\$aBATCH-UPD$b50$c20220301$lBLL01$h1511
=CAT  \\$aRESET-LEV$b50$c20220302$lBLL01$h0050
=CAT  \\$aRESET-LEV$b50$c20220401$lBLL01$h2225
=CAT  \\$aRESET-LEV$b50$c20220502$lBLL01$h0236
=CAT  \\$aRESET-LEV$b50$c20220602$lBLL01$h2119
=CAT  \\$aRESET-LEV$b50$c20220701$lBLL01$h2225
=CAT  \\$aRESET-LEV$b50$c20220802$lBLL01$h0348
=CAT  \\$aRESET-LEV$b50$c20220902$lBLL01$h2214
=CAT  \\$aRESET-LEV$b50$c20221003$lBLL01$h0408
=CAT  \\$aRESET-LEV$b50$c20221102$lBLL01$h0227
=CAT  \\$aRESET-LEV$b50$c20221202$lBLL01$h2219
=CAT  \\$aRESET-LEV$b50$c20230102$lBLL01$h0253
=CAT  \\$aRESET-LEV$b50$c20230202$lBLL01$h2120
=CAT  \\$aRESET-LEV$b50$c20230302$lBLL01$h2128
=CAT  \\$aRESET-LEV$b50$c20230403$lBLL01$h0236
=CAT  \\$aRESET-LEV$b50$c20230502$lBLL01$h0319
=CAT  \\$aRESET-LEV$b50$c20230602$lBLL01$h2219
=CAT  \\$aRESET-LEV$b50$c20230703$lBLL01$h0500
=CAT  \\$aRESET-LEV$b50$c20230802$lBLL01$h0202
=CAT  \\$aRESET-LEV$b50$c20230902$lBLL01$h1728
=CAT  \\$aRESET-LEV$b50$c20231002$lBLL01$h0432
=CFI  0\$aBritish Library not licensed to copy$c0$e01-jan-2014$hC$iCFP Excluded$5Uk
=CFI  2\$aBritish Library not licensed to copy$c0$e01-oct-2012$hC$iCFP Excluded$5Uk
=FIN  \\$aY
=FMT  \\$a  SE
=LAS  \\$aRESET-LEV$b50$c20231002$lBLL01$h0432
=LEO  \\$aMP22.0000035964
=LKR  \\$aPAR$b013891157$lBLL01$r776$mHeywood advertiser (Print)$nHeywood advertiser (Microfilm)
=NID  \\$aNID0000370
=SRC  \\$aISN01$bbibmp22.200404.2.aa
=TCO  \\$aCLA$bCLA$c008

