=LDR  05954cas a22011897a 4500
=001  010820599
=003  Uk
=005  20220301150948.0
=007  ta
=008  921014c19819999enkdn\n\\\\\\\0\\\a0eng\\
=019  c\$a2412689
=022  1\$a0967-3091$202
=040  \\$aUk$cUk$dUk
=042  \\$aissnuk
=082  04$a072.465$222
=130  0\$aBurton mail (1981)
=222  \0$aBurton mail
=245  10$aBurton mail.
=260  \\$aBurton-on-Trent :$bBurton Daily Mail
=336  \\$atext$2rdacontent
=337  \\$aunmediated$2rdamedia
=338  \\$avolume$2rdacarrier
=540  \\$aBritish Library not licensed to copy$c0$5Uk
=651  \0$aBurton upon Trent (England)$vNewspapers.
=651  \0$aStaffordshire (England)$vNewspapers.
=752  \\$aEngland$bStaffordshire$dBurton upon Trent.$2blnpn
=780  00$tBurton daily mail
=852  41$31912$aBritish Library$bHMNTS$zJan - Jun$zMicroform.$jMFM.M813 [1912]
=852  41$31912$aBritish Library$bHMNTS$zJul - Dec$zMicroform.$jMFM.M609 [1912]
=852  41$31981$aBritish Library$bHMNTS$zMicroform.$jMFM.M8587 [1981]
=852  41$31981$aBritish Library$bHMNTS$zMicroform.$jMFM.M8586 [1981]
=852  41$31907-1981$aBritish Library$bNPL$jNEWS16072
=852  41$32010-$aBritish Library$bNPL$jNEWS.REG42
=852  41$31981-1985$aBritish Library$bNPL$jNEWS326
=852  41$aBritish Library$bNPL$3No. 25871 (23 Mar. 1981)-***Print issues are not available for conservation reasons where an alternative format exists. See separate record for microfilm holdings
=856  42$31981, 1983-1984, 1986-1987$uhttp://www.britishnewspaperarchive.co.uk/search/results?TitleId=BL/0003793$yBritish Newspaper Archive
=945  \\$aBURTON MAIL
=979  \\$aBritish Library$bDSC$j2932.957200N
=ACF  \\$aBritish Library not licensed to copy$c0$e01-apr-2012$hC$iCLA Excluded$5Uk
=ACF  \\$aBritish Library not licensed to copy$c0$e01-jan-2012$hC$iCLA Excluded$5Uk
=ACF  \\$aBritish Library not licensed to copy$c0$e01-oct-2011$hC$iCLA Excluded$5Uk
=ACF  \\$aBritish Library not licensed to copy$c0$e01-jul-2011$hC$iCLA Excluded$5Uk
=ACF  \\$aBritish Library not licensed to copy$c0$e01-apr-2011$hC$iCLA Excluded$5Uk
=ACF  \\$aBritish Library not licensed to copy$c0$e01-jan-2011$hC$iCLA Excluded$5Uk
=ACF  \\$aBritish Library not licensed to copy$c0$e01-oct-2010$hC$iCLA Excluded$5Uk
=ACF  \\$aBritish Library not licensed to copy$c0$e01-jul-2010$hC$iCLA Excluded$5Uk
=ACF  \\$aBritish Library not licensed to copy$c0$e01-apr-2010$hC$iCLA Excluded$5Uk
=ACF  \\$aBritish Library not licensed to copy$c0$e01-Jan-2010$hC$iCLA Excluded$5Uk
=ACF  \\$aBritish Library not licensed to copy$c0$e01-oct-2009$hC$iCLA Excluded$5Uk
=ACF  \\$aBritish Library not licensed to copy$c0$e01-jul-2009$hC$iCLA Excluded$5Uk
=ACF  \\$aBritish Library not licensed to copy$c0$e01-apr-2009$hC$iCLA Excluded$5Uk
=ACF  \\$aBritish Library not licensed to copy$c0$e01-jan-2009$hC$iCLA Excluded$5Uk
=ACF  \\$aBritish Library not licensed to copy$c0$e01-oct-2008$hC$iCLA Excluded$5Uk
=ACF  \\$aBritish Library not licensed to copy$c0$e01-jul-2008$hC$iCLA Excluded$5Uk
=ACF  \\$aBritish Library not licensed to copy$c0$e01-apr-2008$hC$iCLA Excluded$5Uk
=ACF  \\$aBritish Library not licensed to copy$c0$e01-jan-2008$hC$iCLA Excluded$5Uk
=ACF  \\$aBritish Library not licensed to copy$c0$e01-oct-2007$hC$iCLA Excluded$5Uk
=ACF  \\$aBritish Library not licensed to copy$c0$e01-jul-2007$hC$iCLA Excluded$5Uk
=ACF  \\$aBritish Library not licensed to copy$c0$e01-apr-2007$hC$iCLA Excluded$5Uk
=ACF  \\$aBritish Library not licensed to copy$c0$e01-jan-2007$hC$iCLA Excluded$5Uk
=ACF  \\$aCurrent copyright fee: GBP4.20$c0$e01-apr-1997$fGBP4.20$g0$hA$5Uk
=ACF  \\$aBritish Library not licensed to copy$c0$e01-jul-2012$hC$iCLA Excluded$5Uk
=CAT  \\$aCONV$b00$c20040425$lBLL90$h0849
=CAT  \\$aRESET-LEV$b50$c20220103$lBLL01$h0029
=CAT  \\$aRESET-LEV$b50$c20220202$lBLL01$h0136
=CAT  \\$aBATCH-856$b50$c20220214$lBLL01$h0937
=CAT  \\$aBATCH-UPD$b50$c20220214$lBLL01$h0940
=CAT  \\$aBATCH-856$b50$c20220301$lBLL01$h1509
=CAT  \\$aBATCH-UPD$b50$c20220301$lBLL01$h1511
=CAT  \\$aRESET-LEV$b50$c20220302$lBLL01$h0051
=CAT  \\$aRESET-LEV$b50$c20220401$lBLL01$h2225
=CAT  \\$aRESET-LEV$b50$c20220502$lBLL01$h0237
=CAT  \\$aRESET-LEV$b50$c20220602$lBLL01$h2120
=CAT  \\$aRESET-LEV$b50$c20220701$lBLL01$h2226
=CAT  \\$aRESET-LEV$b50$c20220802$lBLL01$h0348
=CAT  \\$aRESET-LEV$b50$c20220902$lBLL01$h2215
=CAT  \\$aRESET-LEV$b50$c20221003$lBLL01$h0408
=CAT  \\$aRESET-LEV$b50$c20221102$lBLL01$h0228
=CAT  \\$aRESET-LEV$b50$c20221202$lBLL01$h2219
=CAT  \\$aRESET-LEV$b50$c20230102$lBLL01$h0254
=CAT  \\$aRESET-LEV$b50$c20230202$lBLL01$h2121
=CAT  \\$aRESET-LEV$b50$c20230302$lBLL01$h2128
=CAT  \\$aRESET-LEV$b50$c20230403$lBLL01$h0236
=CAT  \\$aRESET-LEV$b50$c20230502$lBLL01$h0319
=CAT  \\$aRESET-LEV$b50$c20230602$lBLL01$h2220
=CAT  \\$aRESET-LEV$b50$c20230703$lBLL01$h0500
=CAT  \\$aRESET-LEV$b50$c20230802$lBLL01$h0202
=CAT  \\$aRESET-LEV$b50$c20230902$lBLL01$h1729
=CAT  \\$aRESET-LEV$b50$c20231002$lBLL01$h0433
=CFI  0\$aBritish Library not licensed to copy$c0$e01-jan-2014$hC$iCFP Excluded$5Uk
=CFI  2\$aBritish Library not licensed to copy$c0$e01-oct-2012$hC$iCFP Excluded$5Uk
=FIN  \\$aY
=FMT  \\$a  SE
=LAS  \\$aRESET-LEV$b50$c20231002$lBLL01$h0433
=LEO  \\$aMP22.0000038676
=LEO  \\$aMP10.0000125494
=LKR  \\$aPAR$b013943677$lBLL01$r78000$mBurton mail$nBurton daily mail.
=LKR  \\$aPAR$b013894261$lBLL01$r776$mBurton mail (Print)$nBurton mail (Microfilm)
=NID  \\$aNID0000449
=SRC  \\$aDSS01$bbibmp10.200404.2.aa
=SRC  \\$aISN01$bbibmp22.200404.2.aa
=TCO  \\$aCLA$bCLA$c008

