=LDR  04706cas a22009617a 4500
=001  010822646
=003  Uk
=005  20220301150948.0
=008  940614c18929999stkwr\n\\\\\\\0\\\a0eng\\
=019  n\$aNLC0017618
=022  1\$a1354-6058$202
=040  \\$aUk$beng$cUk$dUk
=042  \\$aissnuk
=222  \0$aFife free press
=245  04$aThe Fife free press.
=260  \\$aKirkcaldy :$bStrachan & Livingston
=310  \\$aWeekly
=336  \\$atext$2rdacontent
=337  \\$aunmediated$2rdamedia
=338  \\$avolume$2rdacarrier
=540  \\$aBritish Library not licensed to copy$c0$5Uk
=651  \0$aFife (Scotland)$vNewspapers.
=752  \\$aScotland$bFife$dKirkcaldy.$2blnpn
=780  00$tFife free press, & Kirkcaldy guardian
=852  41$aBritish Library$bNPL$3No 1116-(16 July 1892-)***This record has holdings for both print and microfilm versions. Print copies are not made available where a microfilm alternative exists.
=852  41$aBritish Library$bNPL$jNEWS shelfmarks - see explore.bl.uk for full holdings
=852  41$aBritish Library$bHMNTS$zMicroform.$jMFM shelfmarks - see explore.bl.uk for full holdings
=856  42$31892-1956$uhttp://www.britishnewspaperarchive.co.uk/search/results?TitleId=BL/0001062$yBritish Newspaper Archive
=985  \\$aISSN record upgraded to allow accessioning of print newspapers. Merged with NPL record, too many print and microfilm holdings to attempt to separate, so THIS RECORD DOES NOT FOLLOW THE PATTERN OF SEPARATE RECS FOR PRINT AND MICROFILM - TOO MANY TO SEPARATE. MB
=985  \\$aDisaggregated Record: NPL
=ACF  \\$aBritish Library not licensed to copy$c0$e01-apr-2012$hC$iCLA Excluded$5Uk
=ACF  \\$aBritish Library not licensed to copy$c0$e01-jan-2012$hC$iCLA Excluded$5Uk
=ACF  \\$aBritish Library not licensed to copy$c0$e01-oct-2011$hC$iCLA Excluded$5Uk
=ACF  \\$aBritish Library not licensed to copy$c0$e01-jul-2011$hC$iCLA Excluded$5Uk
=ACF  \\$aBritish Library not licensed to copy$c0$e01-apr-2011$hC$iCLA Excluded$5Uk
=ACF  \\$aBritish Library not licensed to copy$c0$e01-jan-2011$hC$iCLA Excluded$5Uk
=ACF  \\$aBritish Library not licensed to copy$c0$e01-oct-2010$hC$iCLA Excluded$5Uk
=ACF  \\$aBritish Library not licensed to copy$c0$e01-jul-2010$hC$iCLA Excluded$5Uk
=ACF  \\$aBritish Library not licensed to copy$c0$e01-apr-2010$hC$iCLA Excluded$5Uk
=ACF  \\$aBritish Library not licensed to copy$c0$e01-Jan-2010$hC$iCLA Excluded$5Uk
=ACF  \\$aBritish Library not licensed to copy$c0$e01-oct-2009$hC$iCLA Excluded$5Uk
=ACF  \\$aBritish Library not licensed to copy$c0$e01-oct-2004$hC$iCLA Excluded$5Uk
=ACF  \\$aBritish Library not licensed to copy$c0$e01-jul-2012$hC$iCLA Excluded$5Uk
=CAT  \\$aCONV$b00$c20040425$lBLL90$h0849
=CAT  \\$aBATCH-856$b50$c20220207$lBLL01$h0756
=CAT  \\$aBATCH-UPD$b50$c20220207$lBLL01$h0758
=CAT  \\$aBATCH-856$b50$c20220214$lBLL01$h0937
=CAT  \\$aBATCH-UPD$b50$c20220214$lBLL01$h0940
=CAT  \\$aBATCH-856$b50$c20220301$lBLL01$h1509
=CAT  \\$aBATCH-UPD$b50$c20220301$lBLL01$h1511
=CAT  \\$aRESET-LEV$b50$c20220302$lBLL01$h0051
=CAT  \\$aRESET-LEV$b50$c20220401$lBLL01$h2226
=CAT  \\$aRESET-LEV$b50$c20220502$lBLL01$h0237
=CAT  \\$aRESET-LEV$b50$c20220602$lBLL01$h2120
=CAT  \\$aRESET-LEV$b50$c20220701$lBLL01$h2226
=CAT  \\$aRESET-LEV$b50$c20220802$lBLL01$h0348
=CAT  \\$aRESET-LEV$b50$c20220902$lBLL01$h2215
=CAT  \\$aRESET-LEV$b50$c20221003$lBLL01$h0408
=CAT  \\$aRESET-LEV$b50$c20221102$lBLL01$h0228
=CAT  \\$aRESET-LEV$b50$c20221202$lBLL01$h2219
=CAT  \\$aRESET-LEV$b50$c20230102$lBLL01$h0254
=CAT  \\$aRESET-LEV$b50$c20230202$lBLL01$h2121
=CAT  \\$aRESET-LEV$b50$c20230302$lBLL01$h2128
=CAT  \\$aRESET-LEV$b50$c20230403$lBLL01$h0236
=CAT  \\$aRESET-LEV$b50$c20230502$lBLL01$h0319
=CAT  \\$aRESET-LEV$b50$c20230602$lBLL01$h2220
=CAT  \\$aRESET-LEV$b50$c20230703$lBLL01$h0501
=CAT  \\$aRESET-LEV$b50$c20230802$lBLL01$h0203
=CAT  \\$aRESET-LEV$b50$c20230902$lBLL01$h1729
=CAT  \\$aRESET-LEV$b50$c20231002$lBLL01$h0433
=CFI  0\$aBritish Library not licensed to copy$c0$e01-jan-2014$hC$iCFP Excluded$5Uk
=CFI  2\$aBritish Library not licensed to copy$c0$e01-oct-2012$hC$iCFP Excluded$5Uk
=FIN  \\$aY
=FMT  \\$a  SE
=LAS  \\$aRESET-LEV$b50$c20231002$lBLL01$h0433
=LEO  \\$aTC.74682
=LEO  \\$aMP22.0000044009
=LEO  \\$aMP35.0000117319.1
=NID  \\$aNID0001396
=SRC  \\$aNPLv17$bbibtc.20070831.aa
=SRC  \\$aNPLv17$bbibmp35.20070831.aa
=SRC  \\$aISN01$bbibmp22.200404.2.aa
=TCO  \\$aCLA$bCLA$c008

