=LDR  04888cas a22010937a 4500
=001  010822849
=003  Uk
=005  20220301150948.0
=007  ta
=008  940809c18549999stkwr\n\\\\\\\0\\\a0eng\\
=019  c\$a2286407
=022  0\$a1355-3143$202
=040  \\$aUk$cUk$dUk
=042  \\$aissnuk
=082  04$a072.91132$222
=210  0\$aOrcadian$b(Kirkwall)
=222  \0$aOrcadian$b(Kirkwall)
=245  04$aThe Orcadian.
=260  \\$aKirkwall :$bThe Orcadian
=310  \\$aWeekly
=336  \\$atext$2rdacontent
=337  \\$aunmediated$2rdamedia
=338  \\$avolume$2rdacarrier
=540  \\$aBritish Library not licensed to copy$c0$5Uk
=595  \\$aSEE ALSO CARD INDEX.
=651  \0$aKirkwall (Scotland)$vNewspapers.
=651  \0$aOrkney (Scotland)$vNewspapers.
=752  \\$aScotland$bOrkney$dKirkwall.$2blnpn
=852  41$aBritish Library$bNPL
=852  41$31957$aBritish Library$bNPL$cSCT$j91 [1957]
=852  41$31869$aBritish Library$bNPL$cEW$j1411 [1869]
=852  \\$aBritish Library$bNPL$cSCT
=852  \\$aBritish Library$bNPL$cSCT
=852  41$31890$aBritish Library$bNPL$cSCT$j1438 [1890]
=852  41$31890$aBritish Library$bNPL$cSCT$j1438 [1890]
=852  41$31858$aBritish Library$bNPL$cSCT$j704 [1858]
=852  41$31916$aBritish Library$bNPL$cSCT$j3028 [1916]
=852  41$aBritish Library$bNPL$jNEWS shelfmarks - see explore.bl.uk for full holdings
=852  41$aBritish Library$bHMNTS$zMicroform.$jMFM shelfmarks - see explore.bl.uk for full holdings
=852  41$aBritish Library$bNPL$jPENN shelfmarks - see explore.bl.uk for full holdings
=856  42$31854-1869, 1901-1915$uhttp://www.britishnewspaperarchive.co.uk/search/results?TitleId=BL/0002522$yBritish Newspaper Archive
=866  \0$aNewspapers :no. 516 (4 July 1865)- ; Print issues are not available for conservation reasons where an alternative format exists. See separate record for microfilm holdings$x.
=945  \\$aORCADIAN -KIRKWALL-.
=963  \\$a6 OCT. 1894- 6 MAY 1899 *A=1$bN$cNPR.B.493
=979  \\$aBritish Library$bDSC$j6277.913000N
=985  \\$aPrint holdings and items need moving from m/f record.
=985  \\$aExisting record upgraded to allow accessioning of print newspapers.
=ACF  \\$aPrevious copyright fee: GBP9.00$c0$e01-apr-2010$fGBP9.00$g0$hA$5Uk
=ACF  \\$aPrevious copyright fee: GBP6.00$c0$e01-apr-2008$fGBP6.00$g0$hA$5Uk
=ACF  \\$aPrevious copyright fee: GBP5.00$c0$e01-jul-2002$fGBP5.00$g0$hA$5Uk
=ACF  \\$aCurrent copyright fee: GBP4.40$c0$e01-jul-1998$fGBP4.40$g0$hA$5Uk
=ACF  \\$aCurrent copyright fee: GBP4.20$c0$e01-apr-1997$fGBP4.20$g0$hA$5Uk
=ACF  \\$aPrevious copyright fee: GBP10.50$c0$e01-jan-2011$fGBP10.50$g0$hA$5Uk
=ACF  \\$aPrevious copyright fee: GBP12.00$c0$e01-jan-2012$fGBP12.00$g0$hA$5Uk
=ACF  \\$aPrevious Copyright Fee: GBP12.30$c0$e01-jan-2014$fGBP12.30$g0$hA$5Uk
=CAT  \\$aCONV$b00$c20040425$lBLL90$h0849
=CAT  \\$aBATCH-856$b50$c20220207$lBLL01$h0756
=CAT  \\$aBATCH-UPD$b50$c20220207$lBLL01$h0758
=CAT  \\$aBATCH-856$b50$c20220214$lBLL01$h0937
=CAT  \\$aBATCH-UPD$b50$c20220214$lBLL01$h0940
=CAT  \\$aBATCH-856$b50$c20220301$lBLL01$h1509
=CAT  \\$aBATCH-UPD$b50$c20220301$lBLL01$h1511
=CAT  \\$aRESET-LEV$b50$c20220302$lBLL01$h0051
=CAT  \\$aRESET-LEV$b50$c20220401$lBLL01$h2226
=CAT  \\$aRESET-LEV$b50$c20220502$lBLL01$h0237
=CAT  \\$aRESET-LEV$b50$c20220602$lBLL01$h2120
=CAT  \\$aRESET-LEV$b50$c20220701$lBLL01$h2226
=CAT  \\$aRESET-LEV$b50$c20220802$lBLL01$h0348
=CAT  \\$aRESET-LEV$b50$c20220902$lBLL01$h2215
=CAT  \\$aRESET-LEV$b50$c20221003$lBLL01$h0408
=CAT  \\$aRESET-LEV$b50$c20221102$lBLL01$h0228
=CAT  \\$aRESET-LEV$b50$c20221202$lBLL01$h2219
=CAT  \\$aRESET-LEV$b50$c20230102$lBLL01$h0254
=CAT  \\$aRESET-LEV$b50$c20230202$lBLL01$h2121
=CAT  \\$aRESET-LEV$b50$c20230302$lBLL01$h2129
=CAT  \\$aRESET-LEV$b50$c20230403$lBLL01$h0236
=CAT  \\$aRESET-LEV$b50$c20230502$lBLL01$h0319
=CAT  \\$aRESET-LEV$b50$c20230602$lBLL01$h2220
=CAT  \\$aRESET-LEV$b50$c20230703$lBLL01$h0501
=CAT  \\$aRESET-LEV$b50$c20230802$lBLL01$h0203
=CAT  \\$aRESET-LEV$b50$c20230902$lBLL01$h1729
=CAT  \\$aRESET-LEV$b50$c20231002$lBLL01$h0433
=CFI  0\$aBritish Library not licensed to copy$c0$e01-oct-2017$hC$iCFP Excluded$5Uk
=CFI  2\$aPrevious Copyright Fee: GBP15.00$c0$e01-jan-2017$fGBP15.00$g0$hA$5Uk
=FIN  \\$aY
=FMT  \\$a  SE
=LAS  \\$aRESET-LEV$b50$c20231002$lBLL01$h0433
=LEO  \\$aMP22.0000044464
=LEO  \\$aMP10.0000423726
=LKR  \\$aPAR$b013908852$lBLL01$r776$mOrcadian (Kirkwall : Print)$nOrcadian (Kirkwall : Microfilm)
=NID  \\$aNID0000495
=SRC  \\$aISN01$bbibmp22.200404.2.aa
=SRC  \\$aDSS01$bbibmp10.200404.2.aa
=TCO  \\$aCLA$bCLA$c008

