=LDR  09716cas a2201885 i 4500
=001  009543000
=003  Uk
=005  20220301150945.0
=007  ta
=008  770531c18459999enkwr\n\\\\\\\0\\\a0eng\\
=019  n\$aNLC0000009
=019  c\$a2302752
=022  0\$a0021-633X$202
=040  \\$aUk$beng$cUk$dUk$erda
=042  \\$aissnuk
=082  04$a072.08992404105$223
=130  0\$aJewish chronicle (London, England : 1845)
=210  0\$aJew. chron.
=222  \0$aJewish chronicle
=245  10$aJewish chronicle.
=246  10$aJC
=264  \1$aLondon :$bJewish Chronicle Newspaper Ltd.,$c[1845]-
=264  31$3May 2020-$a[London] :$bJC Media Limited
=300  \\$billustrations (black and white, and colour)
=310  \\$aWeekly
=336  \\$atext$2rdacontent
=337  \\$aunmediated$2rdamedia
=338  \\$avolume$2rdacarrier
=362  1\$aBegan with volume 1, number 21 (27 June 1845).
=500  \\$aMicrofilm: 1845-2008. Imperfect.
=525  \\$aIncludes supplements.
=530  \\$aAlso issued online and as a mobile app.
=540  \\$aBritish Library not licensed to copy$c0$5Uk
=588  \\$aLatest issue consulted: [surrogate] 7887 (19 June 2020 = 27 Sivan 5780).
=595  \\$aCONTD AS 4668.35149N FORMERLY 4668.35149N ABSORBS 4282.28N AND 4668.38093N SEE ALSO CARD INDEX.
=650  \0$aJews$zGreat Britain$vNewspapers.
=650  \0$aJews$vNewspapers.
=651  \0$aGreat Britain$vNewspapers.
=651  \0$aIsrael$vNewspapers.
=780  00$tJewish chronicle and working man's friend
=852  41$31845-2009$aBritish Library$bNPL$jNEWS76
=852  41$32010-$aBritish Library$bNPL$jNEWS.REG1649
=852  41$31845-1968$aBritish Library$bHMNTS$zMicroform.$jMFM.MLD71
=852  41$31990$aBritish Library$bHMNTS$zMicroform.$jMFM.MLD71
=852  41$31991$aBritish Library$bHMNTS$zMicroform.$jMFM.MLD71
=852  41$31992$aBritish Library$bHMNTS$zMicroform.$jMFM.MLD71
=852  41$31993$aBritish Library$bHMNTS$zMicroform.$jMFM.MLD71
=852  41$31994$aBritish Library$bHMNTS$zMicroform.$jMFM.MLD71
=852  41$31995$aBritish Library$bHMNTS$zMicroform.$jMFM.MLD71
=852  41$aBritish Library$bNPL$3Vol. 1, no. 21 (27 June 1845)-
=852  41$31996$aBritish Library$bHMNTS$zMicroform.$jMFM.MLD71
=852  41$31997$aBritish Library$bHMNTS$zMicroform.$jMFM.MLD71
=852  41$31998$aBritish Library$bHMNTS$zMicroform.$jMFM.MLD71
=852  41$31999$aBritish Library$bHMNTS$zMicroform.$jMFM.MLD71
=852  41$32000$aBritish Library$bHMNTS$zMicroform.$jMFM.MLD71
=852  41$32001$aBritish Library$bHMNTS$zMicroform.$jMFM.MLD71
=852  41$32002$aBritish Library$bHMNTS$zJan-Aug 2002$zMicroform.$jMFM.MLD71
=852  41$32003$aBritish Library$bHMNTS$zMicroform.$jMFM.MLD71
=852  41$32004$aBritish Library$bHMNTS$zMicroform.$jMFM.MLD71
=852  41$32005$aBritish Library$bHMNTS$zMicroform.$jMFM.MLD71
=852  41$32006$aBritish Library$bHMNTS$zMicroform.$jMFM.MLD71
=852  41$32007$aBritish Library$bHMNTS$zMicroform.$jMFM.MLD71
=852  41$32008$aBritish Library$bHMNTS$zMicroform.$jMFM.MLD71
=852  41$31970$aBritish Library$bHMNTS$zMicroform.$jMFM.MLD71
=852  41$31971$aBritish Library$bHMNTS$zMicroform.$jMFM.MLD71
=852  41$31972$aBritish Library$bHMNTS$zMicroform.$jMFM.MLD71
=852  41$31973$aBritish Library$bHMNTS$zMicroform.$jMFM.MLD71
=852  41$31974$aBritish Library$bHMNTS$zMicroform.$jMFM.MLD71
=852  41$31975$aBritish Library$bHMNTS$zMicroform.$jMFM.MLD71
=852  41$31976$aBritish Library$bHMNTS$zMicroform.$jMFM.MLD71
=852  41$31977$aBritish Library$bHMNTS$zMicroform.$jMFM.MLD71
=852  41$31978$aBritish Library$bHMNTS$zMicroform.$jMFM.MLD71
=852  41$31979$aBritish Library$bHMNTS$zMicroform.$jMFM.MLD71
=852  41$31980$aBritish Library$bHMNTS$zMicroform.$jMFM.MLD71
=852  41$31981$aBritish Library$bHMNTS$zMicroform.$jMFM.MLD71
=852  41$31982$aBritish Library$bHMNTS$zMicroform.$jMFM.MLD71
=852  41$31983$aBritish Library$bHMNTS$zMicroform.$jMFM.MLD71
=852  41$31984$aBritish Library$bHMNTS$zMicroform.$jMFM.MLD71
=852  41$31985$aBritish Library$bHMNTS$zMicroform.$jMFM.MLD71
=852  41$31986$aBritish Library$bHMNTS$zMicroform.$jMFM.MLD71
=852  41$31987$aBritish Library$bHMNTS$zMicroform.$jMFM.MLD71
=852  41$31988$aBritish Library$bHMNTS$zMicroform.$jMFM.MLD71
=852  41$31989$aBritish Library$bHMNTS$zMicroform.$jMFM.MLD71
=852  41$31969$aBritish Library$bHMNTS$zMicroform.$jMFM.MLD71
=856  42$31896$uhttp://www.britishnewspaperarchive.co.uk/search/results?TitleId=BL/0001323$yBritish Newspaper Archive
=866  \0$aNewspapers: Vol. 1, no. 21 (27 June 1845)- ; This record has holdings for both print and microfilm versions. Print issues are not available for conservation reasons where an alternative format exists.
=945  \\$aJEWISH CHRONICLE
=963  \\$a1841- *A=1$bN$cNPR.B.982
=979  \\$aBritish Library$bDSC$j4668.351480N
=ACF  \\$aBritish Library not licensed to copy$c0$e01-apr-2012$hC$iCLA Excluded$5Uk
=ACF  \\$aBritish Library not licensed to copy$c0$e01-jan-2012$hC$iCLA Excluded$5Uk
=ACF  \\$aBritish Library not licensed to copy$c0$e01-oct-2011$hC$iCLA Excluded$5Uk
=ACF  \\$aBritish Library not licensed to copy$c0$e01-jul-2011$hC$iCLA Excluded$5Uk
=ACF  \\$aBritish Library not licensed to copy$c0$e01-apr-2011$hC$iCLA Excluded$5Uk
=ACF  \\$aBritish Library not licensed to copy$c0$e01-jan-2011$hC$iCLA Excluded$5Uk
=ACF  \\$aBritish Library not licensed to copy$c0$e01-oct-2010$hC$iCLA Excluded$5Uk
=ACF  \\$aBritish Library not licensed to copy$c0$e01-jul-2010$hC$iCLA Excluded$5Uk
=ACF  \\$aBritish Library not licensed to copy$c0$e01-apr-2010$hC$iCLA Excluded$5Uk
=ACF  \\$aBritish Library not licensed to copy$c0$e01-Jan-2010$hC$iCLA Excluded$5Uk
=ACF  \\$aBritish Library not licensed to copy$c0$e01-oct-2009$hC$iCLA Excluded$5Uk
=ACF  \\$aBritish Library not licensed to copy$c0$e01-jul-2009$hC$iCLA Excluded$5Uk
=ACF  \\$aBritish Library not licensed to copy$c0$e01-apr-2009$hC$iCLA Excluded$5Uk
=ACF  \\$aBritish Library not licensed to copy$c0$e01-jan-2009$hC$iCLA Excluded$5Uk
=ACF  \\$aBritish Library not licensed to copy$c0$e01-oct-2008$hC$iCLA Excluded$5Uk
=ACF  \\$aBritish Library not licensed to copy$c0$e01-jul-2008$hC$iCLA Excluded$5Uk
=ACF  \\$aBritish Library not licensed to copy$c0$e01-apr-2008$hC$iCLA Excluded$5Uk
=ACF  \\$aBritish Library not licensed to copy$c0$e01-jan-2008$hC$iCLA Excluded$5Uk
=ACF  \\$aBritish Library not licensed to copy$c0$e01-oct-2007$hC$iCLA Excluded$5Uk
=ACF  \\$aBritish Library not licensed to copy$c0$e01-jul-2007$hC$iCLA Excluded$5Uk
=ACF  \\$aBritish Library not licensed to copy$c0$e01-apr-2007$hC$iCLA Excluded$5Uk
=ACF  \\$aBritish Library not licensed to copy$c0$e01-jan-2007$hC$iCLA Excluded$5Uk
=ACF  \\$aBritish Library not licensed to copy$c0$e01-oct-2006$hC$iCLA Excluded$5Uk
=ACF  \\$aBritish Library not licensed to copy$c0$e01-jul-2006$hC$iCLA Excluded$5Uk
=ACF  \\$aBritish Library not licensed to copy$c0$e01-apr-2006$hC$iCLA Excluded$5Uk
=ACF  \\$aBritish Library not licensed to copy$c0$e01-jan-2006$hC$iCLA Excluded$5Uk
=ACF  \\$aBritish Library not licensed to copy$c0$e01-oct-2005$hC$iCLA Excluded$5Uk
=ACF  \\$aBritish Library not licensed to copy$c0$e01-jul-2005$hC$iCLA Excluded$5Uk
=ACF  \\$aBritish Library not licensed to copy$c0$e01-apr-2005$hC$iCLA Excluded$5Uk
=ACF  \\$aBritish Library not licensed to copy$c0$e01-jul-2012$hC$iCLA Excluded$5Uk
=ACF  \\$aBritish Library not licensed to copy$c0$e01-oct-2012$hC$iCFP Excluded$5Uk
=CAT  \\$aCONV$b00$c20040425$lBLL90$h0848
=CAT  \\$aBATCH-UPD$b50$c20211101$lBLL01$h1354
=CAT  \\$aBATCH-856$b50$c20211108$lBLL01$h1044
=CAT  \\$aBATCH-UPD$b50$c20211108$lBLL01$h1044
=CAT  \\$aBATCH-856$b50$c20211115$lBLL01$h0939
=CAT  \\$aBATCH-UPD$b50$c20211115$lBLL01$h0940
=CAT  \\$aBATCH-856$b50$c20211122$lBLL01$h1253
=CAT  \\$aBATCH-UPD$b50$c20211122$lBLL01$h1253
=CAT  \\$aBATCH-856$b50$c20211220$lBLL01$h1031
=CAT  \\$aBATCH-UPD$b50$c20211220$lBLL01$h1031
=CAT  \\$aBATCH-856$b50$c20211228$lBLL01$h1449
=CAT  \\$aBATCH-UPD$b50$c20211228$lBLL01$h1450
=CAT  \\$aBATCH-856$b50$c20220104$lBLL01$h0957
=CAT  \\$aBATCH-UPD$b50$c20220104$lBLL01$h0957
=CAT  \\$aBATCH-856$b50$c20220110$lBLL01$h1300
=CAT  \\$aBATCH-UPD$b50$c20220110$lBLL01$h1300
=CAT  \\$aBATCH-856$b50$c20220117$lBLL01$h1433
=CAT  \\$aBATCH-UPD$b50$c20220117$lBLL01$h1440
=CAT  \\$aBATCH-856$b50$c20220131$lBLL01$h1009
=CAT  \\$aBATCH-UPD$b50$c20220131$lBLL01$h1009
=CAT  \\$aBATCH-856$b50$c20220207$lBLL01$h0756
=CAT  \\$aBATCH-UPD$b50$c20220207$lBLL01$h0756
=CAT  \\$aBATCH-856$b50$c20220214$lBLL01$h0937
=CAT  \\$aBATCH-UPD$b50$c20220214$lBLL01$h0937
=CAT  \\$aBATCH-856$b50$c20220301$lBLL01$h1509
=CAT  \\$aBATCH-UPD$b50$c20220301$lBLL01$h1510
=CFI  0\$aBritish Library not licensed to copy$c0$e01-apr-2014$hC$iCFP Excluded$5Uk
=CFI  2\$aBritish Library not licensed to copy$c0$e01-jan-2014$hC$iCFP Excluded$5Uk
=FIN  \\$aY
=FMT  \\$a  SE
=LAS  \\$aBATCH-UPD$b50$c20220301$lBLL01$h1510
=LEO  \\$aMP10.0000311041
=LEO  \\$aMP35.0000100009.2
=LEO  \\$aMP22.0000001083
=LEO  \\$aMP35.0000100634
=NID  \\$aNID0001353
=SRC  \\$aNPLv17$bbibmp35.20070831.aa
=SRC  \\$aDSS01$bbibmp10.200404.2.aa
=SRC  \\$aISN01$bbibmp22.200404.2.aa
=TCO  \\$aCLA$bCLA$c008

