=LDR  08018cas a22016457i 4500
=001  008528775
=003  Uk
=005  20230210004621.0
=007  ta
=008  811223c18539999enkmr\p\\\\\\\0\\\a0eng\\
=019  c\$a2070317
=019  n\$aNLC0008535
=022  0\$a0015-0649$202
=040  \\$aUk$cUk$dUk
=042  \\$aissnuk$aukblsr
=082  04$a796
=130  0\$aField (London, England : 1853)
=210  0\$aField$b(Lond.)
=222  \0$aField$b(London)
=245  14$aThe field :$bthe country newspaper.
=246  1\$iOccasional issues have title:$aField illustrated
=246  1\$iOccasional issues have title:$aField, the farm, the garden
=260  \\$aLondon :$bJohn Clark,$c1853-
=264  31$3<2015>-$aLondon :$bTime Inc. (UK) Ltd
=300  \\$av. :$bill. ;$c32-44 cm.
=310  \\$aMonthly,$b1987-
=321  \\$aWeekly,$b1853-1986
=336  \\$atext$2rdacontent
=337  \\$aunmediated$2rdamedia
=338  \\$avolume$2rdacarrier
=362  1\$aNo. 1 (Jan. 1, 1853)-
=500  \\$aSubtitle varies.
=515  \\$aVols. included in numbering from vol. 2, no. 27 (July 2, 1853).
=540  \\$aCurrent Copyright Fee: GBP25.00$c0$5Uk
=588  \\$aLatest issue consulted: February 2015.
=595  \\$aSEE ALSO CARD INDEX.
=650  \0$aLeisure$vPeriodicals.
=650  \0$aHunting$vPeriodicals.
=650  \0$aSports$vPeriodicals.
=650  \0$aAquatic sports$vPeriodicals.
=650  \0$aCountry life$zGreat Britain$vPeriodicals.
=650  \0$aLeisure$zGreat Britain$vPeriodicals.
=770  0\$tField special$x0964-895X
=780  05$tLand and water
=852  41$aBritish Library$bDSC$j3918.900000$3Vol. 149, no. 3876 (1927)-v. 326, no. 7332 (2015)***v.238 iss.6201-6206, printed on the publications as 6021-6026***UKRR Retained Title
=852  41$31853-1854$aBritish Library$bHMNTS$zMicroform.$jMFM.MLD49
=852  41$31855-1920$aBritish Library$bHMNTS$zMicroform.$jMFM.MLD49
=852  41$31853-1854$aBritish Library$bHMNTS$jLOU.LD49
=852  41$31855-1920$aBritish Library$bHMNTS$jLOU.LD49
=852  41$31929-2009$aBritish Library$bHMNTS$jLOU.LD49
=852  41$31921-1929$aBritish Library$bHMNTS$jLOU.LD49
=852  41$aBritish Library$bHMNTS$3No. 1 (1 Jan. 1853)-
=852  41$aBritish Library$bHMNTS$jREG2128$3Vol. 315, no. 7266 (Jan. 2010)-
=856  42$31853-1856, 1858-1911$uhttp://www.britishnewspaperarchive.co.uk/search/results?TitleId=BL/0002446$yBritish Newspaper Archive
=945  \\$aFIELD -LONDON-.
=959  \\$fHeld but not currently received
=963  \\$aVOL. 1, 1853- *A=1$bN$cL418.A.1
=985  \\$aRecord merged by DQ team
=ACF  \\$aPrevious Copyright Fee: GBP12.00$c0$e01-apr-2012$fGBP12.00$g0$hC$5Uk
=ACF  \\$aPrevious Copyright Fee: GBP12.00$c0$e01-jan-2012$fGBP12.00$g0$hC$5Uk
=ACF  \\$aPrevious Copyright Fee: GBP10.50$c0$e01-oct-2011$fGBP10.50$g0$hC$5Uk
=ACF  \\$aPrevious Copyright Fee: GBP10.50$c0$e01-jul-2011$fGBP10.50$g0$hC$5Uk
=ACF  \\$aPrevious Copyright Fee: GBP10.50$c0$e01-apr-2011$fGBP10.50$g0$hC$5Uk
=ACF  \\$aPrevious Copyright Fee: GBP10.50$c0$e01-jan-2011$fGBP10.50$g0$hC$5Uk
=ACF  \\$aPrevious Copyright Fee: GBP9.00$c0$e01-oct-2010$fGBP9.00$g0$hC$5Uk
=ACF  \\$aPrevious Copyright Fee: GBP9.00$c0$e01-jul-2010$fGBP9.00$g0$hC$5Uk
=ACF  \\$aPrevious Copyright Fee: GBP9.00$c0$e01-apr-2010$fGBP9.00$g0$hC$5Uk
=ACF  \\$aPrevious Copyright Fee: GBP9.00$c0$e01-Jan-2010$fGBP9.00$g0$hC$5Uk
=ACF  \\$aPrevious Copyright Fee: GBP6.00$c0$e01-oct-2009$fGBP6.00$g0$hC$5Uk
=ACF  \\$aPrevious Copyright Fee: GBP6.00$c0$e01-jul-2009$fGBP6.00$g0$hC$5Uk
=ACF  \\$aPrevious Copyright Fee: GBP6.00$c0$e01-apr-2009$fGBP6.00$g0$hC$5Uk
=ACF  \\$aPrevious Copyright Fee: GBP6.00$c0$e01-jan-2009$fGBP6.00$g0$hC$5Uk
=ACF  \\$aPrevious Copyright Fee: GBP6.00$c0$e01-oct-2008$fGBP6.00$g0$hC$5Uk
=ACF  \\$aPrevious Copyright Fee: GBP6.00$c0$e01-jul-2008$fGBP6.00$g0$hC$5Uk
=ACF  \\$aPrevious Copyright Fee: GBP6.00$c0$e01-apr-2008$fGBP6.00$g0$hC$5Uk
=ACF  \\$aPrevious Copyright Fee: GBP6.00$c0$e01-jan-2008$fGBP6.00$g0$hC$5Uk
=ACF  \\$aPrevious Copyright Fee: GBP5.00$c0$e01-oct-2007$fGBP5.00$g0$hC$5Uk
=ACF  \\$aPrevious Copyright Fee: GBP5.00$c0$e01-jul-2007$fGBP5.00$g0$hC$5Uk
=ACF  \\$aPrevious Copyright Fee: GBP5.00$c0$e01-apr-2007$fGBP5.00$g0$hC$5Uk
=ACF  \\$aPrevious Copyright Fee: GBP5.00$c0$e01-jan-2007$fGBP5.00$g0$hC$5Uk
=ACF  \\$aPrevious Copyright Fee: GBP5.00$c0$e01-oct-2006$fGBP5.00$g0$hC$5Uk
=ACF  \\$aPrevious Copyright Fee: GBP5.00$c0$e01-jul-2006$fGBP5.00$g0$hC$5Uk
=ACF  \\$aPrevious Copyright Fee: GBP5.00$c0$e01-apr-2006$fGBP5.00$g0$hC$5Uk
=ACF  \\$aPrevious Copyright Fee: GBP5.00$c0$e01-jan-2006$fGBP5.00$g0$hC$5Uk
=ACF  \\$aPrevious Copyright Fee: GBP5.00$c0$e01-oct-2005$fGBP5.00$g0$hC$5Uk
=ACF  \\$aPrevious Copyright Fee: GBP5.00$c0$e01-jul-2005$fGBP5.00$g0$hC$5Uk
=ACF  \\$aPrevious Copyright Fee: GBP5.00$c0$e01-apr-2005$fGBP5.00$g0$hC$5Uk
=ACF  \\$aPrevious Copyright Fee: GBP5.00$c0$e01-jan-2005$fGBP5.00$g0$hC$5Uk
=ACF  \\$aPrevious Copyright Fee: GBP5.00$c0$e01-oct-2004$fGBP5.00$g0$hC$5Uk
=ACF  \\$aPrevious copyright fee: GBP5.00$c0$e03-sep-1998$fGBP5.00$g0$hC$5Uk
=ACF  \\$aCurrent copyright fee: GBP4.60$c0$e01-jul-1997$fGBP4.60$g0$hC$5Uk
=ACF  \\$aCurrent copyright fee: GBP2.30$c0$e01-apr-1997$fGBP2.30$g0$hC$5Uk
=ACF  \\$aPrevious Copyright Fee: GBP12.00$c0$e01-jul-2012$fGBP12.00$g0$hC$5Uk
=ACF  \\$aPrevious Copyright Fee: GBP12.00$c0$e01-oct-2012$fGBP12.00$g0$hC$5Uk
=ACF  \\$aPrevious Copyright Fee: GBP12.30$c0$e01-apr-2015$fGBP12.30$g0$hC$5Uk
=ACF  \\$aPrevious Copyright Fee: GBP15.00$c0$e01-jan-2017$fGBP15.00$g0$hC$5Uk
=ACF  \\$aPrevious Copyright Fee: GBP17.50$c0$e01-jan-2018$fGBP17.50$g0$hC$5Uk
=ACF  \\$aPrevious Copyright Fee: GBP20.00$c0$e01-jan-2020$fGBP20.00$g0$hC$5Uk
=ACF  \\$aPrevious Copyright Fee: GBP22.50$c0$e01-jan-2021$fGBP22.50$g0$hC$5Uk
=CAT  \\$aCONV$b00$c20040425$lBLL90$h0703
=CAT  \\$aBATCH-UPD$b50$c20211115$lBLL01$h0939
=CAT  \\$aBATCH-856$b50$c20211122$lBLL01$h1253
=CAT  \\$aBATCH-UPD$b50$c20211122$lBLL01$h1253
=CAT  \\$aBATCH-856$b50$c20211220$lBLL01$h1031
=CAT  \\$aBATCH-UPD$b50$c20211220$lBLL01$h1031
=CAT  \\$aBATCH-856$b50$c20211228$lBLL01$h1449
=CAT  \\$aBATCH-UPD$b50$c20211228$lBLL01$h1450
=CAT  \\$aBATCH-856$b50$c20220104$lBLL01$h0957
=CAT  \\$aBATCH-UPD$b50$c20220104$lBLL01$h0957
=CAT  \\$aBATCH-856$b50$c20220110$lBLL01$h1300
=CAT  \\$aBATCH-UPD$b50$c20220110$lBLL01$h1300
=CAT  \\$aBATCH-856$b50$c20220117$lBLL01$h1433
=CAT  \\$aBATCH-UPD$b50$c20220117$lBLL01$h1440
=CAT  \\$aBATCH-856$b50$c20220131$lBLL01$h1009
=CAT  \\$aBATCH-UPD$b50$c20220131$lBLL01$h1009
=CAT  \\$aBATCH-856$b50$c20220207$lBLL01$h0756
=CAT  \\$aBATCH-UPD$b50$c20220207$lBLL01$h0756
=CAT  \\$aBATCH-856$b50$c20220214$lBLL01$h0937
=CAT  \\$aBATCH-UPD$b50$c20220214$lBLL01$h0937
=CAT  \\$aBATCH-856$b50$c20220301$lBLL01$h1509
=CAT  \\$aBATCH-UPD$b50$c20220301$lBLL01$h1510
=CAT  \\$aBATCH-CLA$b00$c20221130$lBLL01$h1438
=CAT  \\$aIPL-CLA$c20221231$lBLL01$h1849
=CAT  \\$aBATCH-CLA$b00$c20230209$lBLL01$h1525
=CAT  \\$aIPL-CLA$c20230210$lBLL01$h0046
=CFI  0\$aCurrent Copyright Fee: GBP25.00$c0$e09-feb-2023$fGBP25.00$g0$hC$5Uk
=CFI  2\$aBritish Library not licensed to copy$c0$e01-jan-2023$hC$iCFP Excluded$5Uk
=FIN  \\$aY
=FMT  \\$a  SE
=LAS  \\$aIPL-CLA$b00$c20230210$lBLL01$h0046
=LEO  \\$aMP35.0000108377
=LEO  \\$aMP35.0000108377.1
=LEO  \\$aMP35.0000108377.2
=LEO  \\$aMP22.0000000744
=LEO  \\$aMP10.0000228598
=LET  \0$aField (London, England : 1853)
=SRC  \\$aNPLv17$bbibmp35.20070831.aa
=SRC  \\$aISN01$bbibmp22.200404.2.aa
=SRC  \\$aDSS01$bbibmp10.200404.2.aa
=TCO  \\$aCLA$bCLA$c008

