=LDR  04807cas a2201045 i 4500
=001  005536105
=003  Uk
=005  20220301150944.0
=007  ta
=008  040410d19172015stkwr\n\\\\\\\0\\\a0eng\\
=019  c\$a3005077
=022  1\$a0307-5893$202
=040  \\$aUk$beng$cUk$dUk$erda
=042  \\$aissnuk
=082  04$a072.9114$223
=210  0\$aStornoway gaz. west coast advert.
=222  \0$aStornoway gazette and west coast advertiser
=245  00$aStornoway gazette and West Coast advertiser.
=246  30$aStornoway gazette
=264  \1$aStornoway :$b[Stornoway Gazette Ltd],$c[1917]-2015.
=300  \\$billustrations (black and white, and colour) ;$c36 cm
=310  \\$aWeekly
=336  \\$atext$2rdacontent
=337  \\$aunmediated$2rdamedia
=338  \\$avolume$2rdacarrier
=362  0\$a-Thursday, August 27, 2015.
=540  \\$aBritish Library not licensed to copy$c0$5Uk
=588  \\$aDescription based on: Thursday, August 27, 2015 issue.
=595  \\$aSEE CARD INDEX.
=651  \0$aStornoway (Scotland)$vNewspapers.
=651  \0$aSkye, Island of (Scotland)$vNewspapers.
=651  \0$aWestern Isles (Scotland)$vNewspapers.
=651  \0$aInverness-shire (Scotland)$vNewspapers.
=785  00$tStornoway gazette$x2397-2122
=852  41$aBritish Library$bNPL$jNEWS shelfmarks - see explore.bl.uk for full holdings
=852  41$aBritish Library$bHMNTS$zMicroform.$jMFM shelfmarks - see explore.bl.uk for full holdings
=852  41$aBritish Library$bNPL$3No. 197 (8 Oct. 1920)-;***Print issues are not available for conservation reasons where an alternative format exists. See separate record for microfilm holdings
=856  42$31950$uhttp://www.britishnewspaperarchive.co.uk/search/results?TitleId=BL/0002010$yBritish Newspaper Archive
=945  \\$aStornoway gazette
=979  \\$aBritish Library$bDSC$j8466.500600N
=A02  \\$a3005077
=ACF  \\$aBritish Library not licensed to copy$c0$e01-apr-2012$hC$iCLA Excluded$5Uk
=ACF  \\$aBritish Library not licensed to copy$c0$e01-jan-2012$hC$iCLA Excluded$5Uk
=ACF  \\$aBritish Library not licensed to copy$c0$e01-oct-2011$hC$iCLA Excluded$5Uk
=ACF  \\$aBritish Library not licensed to copy$c0$e01-jul-2011$hC$iCLA Excluded$5Uk
=ACF  \\$aBritish Library not licensed to copy$c0$e01-apr-2011$hC$iCLA Excluded$5Uk
=ACF  \\$aBritish Library not licensed to copy$c0$e01-jan-2011$hC$iCLA Excluded$5Uk
=ACF  \\$aPrevious copyright fee: GBP9.00$c0$e01-apr-2010$fGBP9.00$g0$hA$5Uk
=ACF  \\$aPrevious copyright fee: GBP6.00$c0$e01-apr-2008$fGBP6.00$g0$hA$5Uk
=ACF  \\$aPrevious copyright fee: GBP5.00$c0$e07-aug-2002$fGBP5.00$g0$hA$5Uk
=ACF  \\$aBritish Library not licensed to copy$c0$e01-jul-2012$hC$iCLA Excluded$5Uk
=CAT  \\$aCONV$b00$c20040502$lBLL01$h1103
=CAT  \\$aBATCH-856$b50$c20220207$lBLL01$h0756
=CAT  \\$aBATCH-UPD$b50$c20220207$lBLL01$h0756
=CAT  \\$aBATCH-856$b50$c20220214$lBLL01$h0937
=CAT  \\$aBATCH-UPD$b50$c20220214$lBLL01$h0937
=CAT  \\$aBATCH-856$b50$c20220301$lBLL01$h1509
=CAT  \\$aBATCH-UPD$b50$c20220301$lBLL01$h1510
=CAT  \\$aRESET-LEV$b50$c20220302$lBLL01$h0049
=CAT  \\$aRESET-LEV$b50$c20220401$lBLL01$h2222
=CAT  \\$aRESET-LEV$b50$c20220502$lBLL01$h0235
=CAT  \\$aRESET-LEV$b50$c20220601$lBLL01$h2131
=CAT  \\$aRESET-LEV$b50$c20220701$lBLL01$h2223
=CAT  \\$aRESET-LEV$b50$c20220802$lBLL01$h0346
=CAT  \\$aRESET-LEV$b50$c20220901$lBLL01$h2118
=CAT  \\$aRESET-LEV$b50$c20221003$lBLL01$h0406
=CAT  \\$aRESET-LEV$b50$c20221102$lBLL01$h0225
=CAT  \\$aRESET-LEV$b50$c20221201$lBLL01$h2122
=CAT  \\$aRESET-LEV$b50$c20230102$lBLL01$h0251
=CAT  \\$aRESET-LEV$b50$c20230201$lBLL01$h2130
=CAT  \\$aRESET-LEV$b50$c20230301$lBLL01$h2130
=CAT  \\$aRESET-LEV$b50$c20230403$lBLL01$h0234
=CAT  \\$aRESET-LEV$b50$c20230502$lBLL01$h0317
=CAT  \\$aRESET-LEV$b50$c20230601$lBLL01$h2119
=CAT  \\$aRESET-LEV$b50$c20230703$lBLL01$h0457
=CAT  \\$aRESET-LEV$b50$c20230802$lBLL01$h0159
=CAT  \\$aRESET-LEV$b50$c20230901$lBLL01$h2218
=CAT  \\$aRESET-LEV$b50$c20231002$lBLL01$h0429
=CFI  0\$aBritish Library not licensed to copy$c0$e01-jan-2014$hC$iCFP Excluded$5Uk
=CFI  2\$aBritish Library not licensed to copy$c0$e01-oct-2012$hC$iCFP Excluded$5Uk
=FIN  \\$aY
=FMT  \\$a  SE
=LAS  \\$aRESET-LEV$b50$c20231002$lBLL01$h0429
=LEO  \\$aMP10.0000553028
=LEO  \\$aMP22.0000020247
=LKR  \\$aPAR$b013890645$lBLL01$r776$mStornoway gazette and West Coast advertiser (Print)$nStornoway gazette and West Coast advertiser (Microfilm)
=NID  \\$aNID0000004
=SRC  \\$aISN01$bbibmp22.200404.2.aa
=SRC  \\$aDSS01$bbibmp10.200404.2.aa
=TCO  \\$aCLA$bCLA$c008

