=LDR  04275cas a22009497a 4500
=001  005537629
=003  Uk
=005  20220301150944.0
=007  ta
=008  040410d19192004enkwr\n\\\\\\\0\\\a0eng\\
=019  c\$a2556905
=022  1\$a0039-5315$202
=040  \\$aUk$cUk$dUk
=042  \\$aissnuk
=082  04$a072.876$222
=130  0\$aSunday sun (Newcastle upon Tyne, England)
=210  0\$aSunday sun$b(Newctle.)
=222  \0$aSunday sun$b(Newcastle)
=245  10$aSunday sun.
=260  \\$aNewcastle :$bNewcastle Chronicle and Journal,$c[1919-2004]
=310  \\$aWeekly
=336  \\$atext$2rdacontent
=337  \\$aunmediated$2rdamedia
=338  \\$avolume$2rdacarrier
=540  \\$aBritish Library not licensed to copy$c0$5Uk
=595  \\$aSEE CARD INDEX.
=651  \0$aNewcastle upon Tyne (England)$vNewspapers.
=651  \0$aTyne and Wear (England)$vNewspapers.
=785  06$tSunday sun$c(Newcastle. Tees & West ed.)$x1745-4905
=785  06$tSunday sun$c(Newcastle. Wear & Durham ed.)$x1745-4913
=785  06$tSunday sun$c(Newcastle. Tyne & North ed.)$x1745-4921
=852  41$31919-1985$aBritish Library$bNPL$jNEWS9
=852  41$aBritish Library$bNPL$3No. 1 (31 Aug. 1919)-;***Print issues are not available for conservation reasons where an alternative format exists. See separate record for microfilm holdings
=856  42$31919-1923, 1930, 1932-1936, 1941, 1945-1946, 1954-1957, 1966$uhttp://www.britishnewspaperarchive.co.uk/search/results?TitleId=BL/0001723$yBritish Newspaper Archive
=866  \\$aNewspapers: 1919-2004; Print issues are not available for conservation reasons where an alternative format exists. See separate record for microfilm holdings.
=945  \\$aSUNDAY SUN -NEWCASTLE UPON TYNE-
=979  \\$aBritish Library$bDSC$j8533.555244N
=A02  \\$a2556905
=ACF  \\$aBritish Library not licensed to copy$c0$e01-apr-2012$hC$iCLA Excluded$5Uk
=ACF  \\$aBritish Library not licensed to copy$c0$e01-jan-2012$hC$iCLA Excluded$5Uk
=ACF  \\$aBritish Library not licensed to copy$c0$e01-oct-2011$hC$iCLA Excluded$5Uk
=ACF  \\$aBritish Library not licensed to copy$c0$e01-jul-2011$hC$iCLA Excluded$5Uk
=ACF  \\$aBritish Library not licensed to copy$c0$e01-jan-2005$hC$iCLA Excluded$5Uk
=ACF  \\$aPrevious copyright fee: GBP5.00$c0$e01-oct-2002$fGBP5.00$g0$hA$5Uk
=CAT  \\$aCONV$b00$c20040502$lBLL01$h1103
=CAT  \\$aBATCH-UPD$b50$c20211101$lBLL01$h1354
=CAT  \\$aBATCH-856$b50$c20211108$lBLL01$h1044
=CAT  \\$aBATCH-UPD$b50$c20211108$lBLL01$h1044
=CAT  \\$aBATCH-856$b50$c20211115$lBLL01$h0939
=CAT  \\$aBATCH-UPD$b50$c20211115$lBLL01$h0939
=CAT  \\$aBATCH-856$b50$c20211122$lBLL01$h1253
=CAT  \\$aBATCH-UPD$b50$c20211122$lBLL01$h1253
=CAT  \\$aBATCH-856$b50$c20211220$lBLL01$h1031
=CAT  \\$aBATCH-UPD$b50$c20211220$lBLL01$h1031
=CAT  \\$aBATCH-856$b50$c20211228$lBLL01$h1449
=CAT  \\$aBATCH-UPD$b50$c20211228$lBLL01$h1450
=CAT  \\$aBATCH-856$b50$c20220104$lBLL01$h0957
=CAT  \\$aBATCH-UPD$b50$c20220104$lBLL01$h0957
=CAT  \\$aBATCH-856$b50$c20220110$lBLL01$h1300
=CAT  \\$aBATCH-UPD$b50$c20220110$lBLL01$h1300
=CAT  \\$aBATCH-856$b50$c20220117$lBLL01$h1433
=CAT  \\$aBATCH-UPD$b50$c20220117$lBLL01$h1440
=CAT  \\$aBATCH-856$b50$c20220131$lBLL01$h1009
=CAT  \\$aBATCH-UPD$b50$c20220131$lBLL01$h1009
=CAT  \\$aBATCH-856$b50$c20220207$lBLL01$h0756
=CAT  \\$aBATCH-UPD$b50$c20220207$lBLL01$h0756
=CAT  \\$aBATCH-856$b50$c20220214$lBLL01$h0937
=CAT  \\$aBATCH-UPD$b50$c20220214$lBLL01$h0937
=CAT  \\$aBATCH-856$b50$c20220301$lBLL01$h1509
=CAT  \\$aBATCH-UPD$b50$c20220301$lBLL01$h1510
=CFI  0\$aBritish Library not licensed to copy$c0$e01-oct-2012$hC$iCFP Excluded$5Uk
=CFI  2\$aBritish Library not licensed to copy$c0$e01-jul-2012$hC$iCLA Excluded$5Uk
=FIN  \\$aY
=FMT  \\$a  SE
=LAS  \\$aBATCH-UPD$b50$c20220301$lBLL01$h1510
=LEO  \\$aMP10.0000559995
=LEO  \\$aMP22.0000002072
=LKR  \\$aPAR$b013891341$lBLL01$r776$mSunday sun (Print)$nSunday sun (Microfilm)
=NID  \\$aNID0000005
=SRC  \\$aISN01$bbibmp22.200404.2.aa
=SRC  \\$aDSS01$bbibmp10.200404.2.aa
=TCO  \\$aCLA$bCLA$c008

