=LDR  08084cas a22014417a 4500
=001  015113132
=003  Uk
=005  20220301151034.0
=007  ta
=008  090325d18852013enkdr\n\\\\\\\0\\\a0eng\\
=019  c\$a2423335
=022  1\$a0960-3573$202
=040  \\$aUk$cUk$dUk
=082  04$a072.876$222
=130  0\$aEvening chronicle (Newcastle upon Tyne, England)
=222  \0$aEvening chronicle$b(Newcastle upon Tyne)
=245  10$aEvening chronicle.
=246  13$aEvening chronicle regionwide
=246  1\$iAlso known as:$aEvening chronicle (Newcastle upon Tyne. Regionwide ed.)
=260  \\$aNewcastle upon Tyne :$bNewcastle Chronicle and Journal,$c[1885-2013]
=264  31$a[Newcastle upon Tyne] :$b[ncjMedia]
=336  \\$atext$2rdacontent
=337  \\$aunmediated$2rdamedia
=338  \\$avolume$2rdacarrier
=500  \\$aWanting Jan.-June 1897; July-Dec. 1898; Jan.-Dec. 1911; Aug.-Dec. 1912.
=540  \\$aBritish Library not licensed to copy$c0$5Uk
=595  \\$aSee also card index.
=651  \0$aNewcastle upon Tyne (England)$vNewspapers.
=651  \0$aTyne and Wear (England)$vNewspapers.
=752  \\$aEngland$bTyne and Wear$dNewcastle-upon-Tyne.$2blnpn
=770  0\$tRemember when (Newcastle upon Tyne, England)$x1743-002X
=780  05$tEvening world (Newcastle upon Tyne, England)
=785  01$tEvening chronicle$c(Newcastle upon Tyne. North and Coast ed.)$x1744-6031
=785  01$tEvening chronicle$c(Newcastle upon Tyne. Newcastle and Gateshead ed.)$x1744-604X
=785  01$tEvening chronicle$c(Newcastle upon Tyne. Late final ed.)$x1744-6058
=785  01$tEvening chronicle$c(Newcastle upon Tyne. Late night final ed.)$x1744-6066
=785  00$tChronicle (Newcastle upon Tyne, England)$x2052-6911
=852  \\$32010-$aBritish Library$bNPL$3Number 1 (2 Nov. 1885)-***ISSUES TO 1985 AVAILABLE IN PRINT; FOR ISSUES 1986- SEE MICROFILM.
=852  \\$32010-Mar. (2013)$aBritish Library$bNPL$jNEWS.REG65
=852  41$31885-1985$aBritish Library$bNPL$jNEWS16262
=856  42$31885-1896, 1898-1910, 1912-1915, 1917-1919, 1926, 1939-1995$uhttp://www.britishnewspaperarchive.co.uk/search/results?TitleId=BL/0000726$yBritish Newspaper Archive
=866  \\$aNewspapers :No. 1 (2 Nov. 1885)-25 Mar. 2013; Print issues are not available for conservation reasons where an alternative format exists. See separate record for microfilm holdings.
=945  \\$aEvening chronicle -Newcastle upon Tyne-
=979  \\$aBritish Library$bDSC$j3830.770561N
=ACF  \\$aBritish Library not licensed to copy$c0$e01-apr-2012$hC$iCLA Excluded$5Uk
=ACF  \\$aBritish Library not licensed to copy$c0$e01-jan-2012$hC$iCLA Excluded$5Uk
=ACF  \\$aBritish Library not licensed to copy$c0$e01-oct-2011$hC$iCLA Excluded$5Uk
=ACF  \\$aBritish Library not licensed to copy$c0$e01-jul-2011$hC$iCLA Excluded$5Uk
=ACF  \\$aBritish Library not licensed to copy$c0$e01-apr-2011$hC$iCLA Excluded$5Uk
=ACF  \\$aBritish Library not licensed to copy$c0$e01-jan-2011$hC$iCLA Excluded$5Uk
=ACF  \\$aBritish Library not licensed to copy$c0$e01-oct-2010$hC$iCLA Excluded$5Uk
=ACF  \\$aBritish Library not licensed to copy$c0$e01-jul-2010$hC$iCLA Excluded$5Uk
=ACF  \\$aBritish Library not licensed to copy$c0$e01-apr-2010$hC$iCLA Excluded$5Uk
=ACF  \\$aBritish Library not licensed to copy$c0$e01-Jan-2010$hC$iCLA Excluded$5Uk
=ACF  \\$aBritish Library not licensed to copy$c0$e01-oct-2009$hC$iCLA Excluded$5Uk
=ACF  \\$aBritish Library not licensed to copy$c0$e01-jul-2009$hC$iCLA Excluded$5Uk
=ACF  \\$aBritish Library not licensed to copy$c0$e01-apr-2009$hC$iCLA Excluded$5Uk
=ACF  \\$aBritish Library not licensed to copy$c0$e01-jan-2009$hC$iCLA Excluded$5Uk
=ACF  \\$aBritish Library not licensed to copy$c0$e01-oct-2008$hC$iCLA Excluded$5Uk
=ACF  \\$aBritish Library not licensed to copy$c0$e01-jul-2008$hC$iCLA Excluded$5Uk
=ACF  \\$aBritish Library not licensed to copy$c0$e01-apr-2008$hC$iCLA Excluded$5Uk
=ACF  \\$aBritish Library not licensed to copy$c0$e01-jan-2008$hC$iCLA Excluded$5Uk
=ACF  \\$aBritish Library not licensed to copy$c0$e01-oct-2007$hC$iCLA Excluded$5Uk
=ACF  \\$aBritish Library not licensed to copy$c0$e01-jul-2007$hC$iCLA Excluded$5Uk
=ACF  \\$aBritish Library not licensed to copy$c0$e01-apr-2007$hC$iCLA Excluded$5Uk
=ACF  \\$aBritish Library not licensed to copy$c0$e01-jan-2007$hC$iCLA Excluded$5Uk
=ACF  \\$aBritish Library not licensed to copy$c0$e01-oct-2006$hC$iCLA Excluded$5Uk
=ACF  \\$aBritish Library not licensed to copy$c0$e01-jul-2006$hC$iCLA Excluded$5Uk
=ACF  \\$aBritish Library not licensed to copy$c0$e01-apr-2006$hC$iCLA Excluded$5Uk
=ACF  \\$aBritish Library not licensed to copy$c0$e01-jan-2006$hC$iCLA Excluded$5Uk
=ACF  \\$aBritish Library not licensed to copy$c0$e01-oct-2005$hC$iCLA Excluded$5Uk
=ACF  \\$aBritish Library not licensed to copy$c0$e01-jul-2005$hC$iCLA Excluded$5Uk
=ACF  \\$aBritish Library not licensed to copy$c0$e01-apr-2005$hC$iCLA Excluded$5Uk
=ACF  \\$aPrevious copyright fee: GBP5.00$c0$e01-jul-2002$fGBP5.00$g0$hA$5Uk
=ACF  \\$aCurrent copyright fee: GBP4.40$c0$e01-jul-1998$fGBP4.40$g0$hA$5Uk
=ACF  \\$aCurrent copyright fee: GBP4.20$c0$e01-apr-1997$fGBP4.20$g0$hA$5Uk
=ACF  \\$aBritish Library not licensed to copy$c0$e01-jul-2012$hC$iCLA Excluded$5Uk
=ACF  \\$aBritish Library not licensed to copy$c0$e01-oct-2012$hC$iCFP Excluded$5Uk
=ACF  \\$aBritish Library not licensed to copy$c0$e01-jan-2013$hC$iCFP Excluded$5Uk
=ACF  \\$aBritish Library not licensed to copy$c0$e01-apr-2013$hC$iCFP Excluded$5Uk
=ACF  \\$aBritish Library not licensed to copy$c0$e01-jul-2013$hC$iCFP Excluded$5Uk
=ACF  \\$aBritish Library not licensed to copy$c0$e01-oct-2013$hC$iCFP Excluded$5Uk
=ACF  \\$aBritish Library not licensed to copy$c0$e01-jan-2014$hC$iCFP Excluded$5Uk
=CAT  \\$aBAT-NPL-PR$c20090416$lBLL01$h1343
=CAT  \\$aBATCH-UPD$b50$c20211101$lBLL01$h1413
=CAT  \\$aBATCH-856$b50$c20211108$lBLL01$h1045
=CAT  \\$aBATCH-UPD$b50$c20211108$lBLL01$h1104
=CAT  \\$aBATCH-856$b50$c20211115$lBLL01$h0940
=CAT  \\$aBATCH-UPD$b50$c20211115$lBLL01$h1000
=CAT  \\$aBATCH-856$b50$c20211122$lBLL01$h1254
=CAT  \\$aBATCH-UPD$b50$c20211122$lBLL01$h1312
=CAT  \\$aBATCH-856$b50$c20211220$lBLL01$h1032
=CAT  \\$aBATCH-UPD$b50$c20211220$lBLL01$h1117
=CAT  \\$aBATCH-856$b50$c20211228$lBLL01$h1450
=CAT  \\$aBATCH-UPD$b50$c20211228$lBLL01$h1525
=CAT  \\$aBATCH-856$b50$c20220104$lBLL01$h0958
=CAT  \\$aBATCH-UPD$b50$c20220104$lBLL01$h1024
=CAT  \\$aBATCH-856$b50$c20220110$lBLL01$h1300
=CAT  \\$aBATCH-UPD$b50$c20220110$lBLL01$h1400
=CAT  \\$aBATCH-856$b50$c20220117$lBLL01$h1434
=CAT  \\$aBATCH-UPD$b50$c20220117$lBLL01$h1510
=CAT  \\$aBATCH-856$b50$c20220131$lBLL01$h1010
=CAT  \\$aBATCH-UPD$b50$c20220131$lBLL01$h1033
=CAT  \\$aBATCH-856$b50$c20220207$lBLL01$h0757
=CAT  \\$aBATCH-UPD$b50$c20220207$lBLL01$h0824
=CAT  \\$aBATCH-856$b50$c20220214$lBLL01$h0938
=CAT  \\$aBATCH-UPD$b50$c20220214$lBLL01$h1007
=CAT  \\$aBATCH-856$b50$c20220301$lBLL01$h1510
=CAT  \\$aBATCH-UPD$b50$c20220301$lBLL01$h1534
=CFI  0\$aBritish Library not licensed to copy$c0$e01-jul-2014$hC$iCFP Excluded$5Uk
=CFI  2\$aBritish Library not licensed to copy$c0$e01-apr-2014$hC$iCFP Excluded$5Uk
=FIN  \\$aY$d20090416
=FMT  \\$a  SE
=LAS  \\$aBATCH-UPD$b50$c20220301$lBLL01$h1534
=LEO  \\$aMP10.0000220966
=LEO  \\$aMP22.0000033172
=LET  \0$aEvening chronicle. Newcastle upon Tyne
=LKR  \\$aPAR$lBLL01$r776$nThe evening chronicle (Microfilm)$mThe evening chronicle (Print)$b013891106
=LKR  \\$aPAR$b013899705$lBLL01$r78005$nEvening world$mThe evening chronicle$b013891106
=NID  \\$aNID0000827
=SRC  \\$aDSS01$bbibmp10.200404.2.aa
=SRC  \\$aISN01$bbibmp22.200404.2.aa
=TCO  \\$aCLA$bCLA$c008

