=LDR  02444cas a2200637 a 4500
=001  015113137
=003  Uk
=005  20220301151034.0
=007  ta
=008  090325d19842010enkwr\n\\\\\\\0\\\a0eng\\
=040  \\$aUk$beng$cUk$dUk
=042  \\$aukblsr
=082  04$a072.414$222
=245  00$aGloucester news.
=246  17$aNews
=260  \\$aCheltenham :$bGloucestershire Media,$c-2010.
=300  \\$av. :$bcol. ill., col. ports. ;$c37 cm.
=310  \\$aWeekly
=336  \\$atext$2rdacontent
=337  \\$aunmediated$2rdamedia
=338  \\$avolume$2rdacarrier
=362  0\$a-8 Apr. 2010.
=500  \\$a"Proud to be part of The Citizen family".
=500  \\$aDescription based on final issue.
=651  \0$aAvon (England)$vNewspapers.
=651  \0$aGloucester (England)$vNewspapers.
=651  \0$aGloucestershire (England)$vNewspapers.
=752  \\$aEngland$bGloucestershire$dGloucester.$2blnpn
=780  00$tGloucester news shopper
=785  00$tNews (Gloucester edition)
=852  \\$32010-$aBritish Library$bNPL$3No. 200 (13 Jan. 1984)-***Issues 1986-2006 held on microfilm.
=852  \\$32007-$aBritish Library$bNPL$jNEWS.REG250
=852  41$31984-1985$aBritish Library$bNPL$jNEWS16265
=856  42$31986$uhttp://www.britishnewspaperarchive.co.uk/search/results?TitleId=BL/0003753$yBritish Newspaper Archive
=985  \\$aRecord created by automatic duplication from original NPL record. Then upgraded from final prnt issue.
=CAT  \\$aBAT-NPL-PR$c20090416$lBLL01$h1343
=CAT  \\$a8128$b40$c20090518$lBLL01$h1123
=CAT  \\$aBATCH-UPD$b40$c20091211$lBLL01$h1856
=CAT  \\$a5997$b40$c20100708$lBLL01$h1124
=CAT  \\$a5997$b40$c20100708$lBLL01$h1139
=CAT  \\$a5997$b40$c20100709$lBLL01$h1448
=CAT  \\$aNPL-008-N$c20110504$lBLL01$h2228
=CAT  \\$aADD-NID$b00$c20110805$lBLL01$h1430
=CAT  \\$aWR11_021$c20111124$lBLL01$h1529
=CAT  \\$aWR11_021$c20111124$lBLL01$h1535
=CAT  \\$aWR12_095$c20120629$lBLL01$h1842
=CAT  \\$aNPL-LOCK$b77$c20140207$lBLL01$h2218
=CAT  \\$aNPL-UNLOCK$b00$c20140216$lBLL01$h0850
=CAT  \\$aBATCH-856$b50$c20220301$lBLL01$h1510
=CAT  \\$aBATCH-UPD$b50$c20220301$lBLL01$h1534
=FIN  \\$aY$d20090416
=FMT  \\$a  SE
=LAS  \\$aBATCH-UPD$b50$c20220301$lBLL01$h1534
=LKR  \\$aPAR$lBLL01$r776$nGloucester News (Microfilm)$mGloucester News (Print)$b013893543
=NID  \\$aNID0000923
=TCO  \\$aCLA$bCLA$c008

