=LDR  05696cas a2201153 i 4500
=001  015113160
=003  Uk
=005  20220301151034.0
=007  ta
=008  090325c19599999enkdr\n\\\\\\\0\\\a0eng\\
=022  \\$y0963-4304
=040  \\$aUk$beng$cUk$dUk$erda
=042  \\$aukblsr
=082  04$a072.2792$223
=130  0\$aNews (Portsmouth, England)
=245  14$aThe news.
=246  3\$aNews Portsmouth
=246  1\$iAlso known as:$aEvening news
=250  \\$aPortsmouth ed.
=264  \1$aPortsmouth :$bPrinted and published by Portsmouth and Sunderland Newspapers Ltd.,$c1959-
=264  31$3Nov. 2018-<Apr. 2019>$aLondon :$bJPIMedia Print Holdings Limited
=300  \\$billustrations (black and white, and colour), maps (colour) ;$c37 cm
=310  \\$aWeekly
=336  \\$atext$2rdacontent
=337  \\$aunmediated$2rdamedia
=338  \\$avolume$2rdacarrier
=362  0\$aNo. 25,422 (Monday, January 19, 1959)-
=500  \\$aPublished: Hilsea : Portsmouth and Sunderland Newspapers, 1969-Apr. 1999; Hilsea : Portsmouth Publishing and Printing, May 1999-May 2013; North Harbour, Portsmouth : Portsmouth Publishing and Printing, June 2013-<Oct.> 2018; London : JPIMedia South Limited, <2020>-
=500  \\$aEdition statement dropped with 13 April 2019 issue.
=500  \\$aDescription of first issue based on surrogate.
=525  \\$aIncludes supplements.
=540  \\$aBritish Library not licensed to copy$c0$5Uk
=588  \\$aLatest issue consulted: Tuesday, April 30, 2019.
=651  \0$aPortsmouth (England)$vNewspapers.
=651  \0$aHampshire (England)$vNewspapers.
=770  0\$tFootball mail
=770  0\$tSports mail$x0963-388X
=780  00$tEvening news (Portsmouth, England)
=852  41$31879$aBritish Library$bHMNTS$zMicroform.$jMFM.M4117 [1879]
=852  41$31879$aBritish Library$bHMNTS$zMicroform.$jMFM.M4116 [1879]
=852  41$31889$aBritish Library$bHMNTS$zMicroform.$jMFM.M409 [1889]
=852  41$31889$aBritish Library$bHMNTS$zMicroform.$jMFM.M408 [1889]
=852  41$31897$aBritish Library$bHMNTS$zJan - Jun$zMicroform.$jMFM.M2258 [1897]
=852  41$31899$aBritish Library$bHMNTS$zJul - Dec$zMicroform.$jMFM.M5801 [1899]
=852  41$31879$aBritish Library$bNPL$cEW$j1203 [1879]
=852  41$31878-1959$aBritish Library$bNPL$jNEWS1267
=852  41$31924$aBritish Library$bHMNTS$zMicroform.$jMFM.M40580-85
=852  41$31959-1985$aBritish Library$bNPL$jNEWS16275
=852  41$aBritish Library$bNPL$3No. 25422 (19 Jan. 1959)-***Issues 1959-1985 available in print, for 1986- see microfilm.
=852  41$32010-$aBritish Library$bNPL$jNEWS.REG67
=856  42$31959$uhttp://www.britishnewspaperarchive.co.uk/search/results?TitleId=BL/0000736$yBritish Newspaper Archive
=985  \\$aThe news and Sports mail are stored and filmed together.
=ACF  \\$aBritish Library not licensed to copy$c0$e01-jan-2012$hC$iCLA Excluded$5Uk
=ACF  \\$aBritish Library not licensed to copy$c0$e01-oct-2011$hC$iCLA Excluded$5Uk
=ACF  \\$aBritish Library not licensed to copy$c0$e01-jul-2011$hC$iCLA Excluded$5Uk
=ACF  \\$aBritish Library not licensed to copy$c0$e01-apr-2011$hC$iCLA Excluded$5Uk
=ACF  \\$aBritish Library not licensed to copy$c0$e01-jan-2011$hC$iCLA Excluded$5Uk
=ACF  \\$aBritish Library not licensed to copy$c0$e01-oct-2010$hC$iCLA Excluded$5Uk
=ACF  \\$aBritish Library not licensed to copy$c0$e01-jul-2010$hC$iCLA Excluded$5Uk
=ACF  \\$aBritish Library not licensed to copy$c0$e01-apr-2010$hC$iCLA Excluded$5Uk
=CAT  \\$aBAT-NPL-PR$c20090416$lBLL01$h1343
=CAT  \\$aBATCH-856$b50$c20220207$lBLL01$h0757
=CAT  \\$aBATCH-UPD$b50$c20220207$lBLL01$h0824
=CAT  \\$aBATCH-856$b50$c20220214$lBLL01$h0938
=CAT  \\$aBATCH-UPD$b50$c20220214$lBLL01$h1007
=CAT  \\$aBATCH-856$b50$c20220301$lBLL01$h1510
=CAT  \\$aBATCH-UPD$b50$c20220301$lBLL01$h1534
=CAT  \\$aRESET-LEV$b50$c20220302$lBLL01$h0057
=CAT  \\$aRESET-LEV$b50$c20220402$lBLL01$h1729
=CAT  \\$aRESET-LEV$b50$c20220502$lBLL01$h0244
=CAT  \\$aRESET-LEV$b50$c20220602$lBLL01$h2128
=CAT  \\$aRESET-LEV$b50$c20220702$lBLL01$h1731
=CAT  \\$aRESET-LEV$b50$c20220802$lBLL01$h0355
=CAT  \\$aRESET-LEV$b50$c20220902$lBLL01$h2224
=CAT  \\$aRESET-LEV$b50$c20221003$lBLL01$h0416
=CAT  \\$aRESET-LEV$b50$c20221102$lBLL01$h0235
=CAT  \\$aRESET-LEV$b50$c20221202$lBLL01$h2227
=CAT  \\$aRESET-LEV$b50$c20230102$lBLL01$h0305
=CAT  \\$aRESET-LEV$b50$c20230202$lBLL01$h2129
=CAT  \\$aRESET-LEV$b50$c20230302$lBLL01$h2138
=CAT  \\$aRESET-LEV$b50$c20230403$lBLL01$h0243
=CAT  \\$aRESET-LEV$b50$c20230502$lBLL01$h0326
=CAT  \\$aRESET-LEV$b50$c20230602$lBLL01$h2229
=CAT  \\$aRESET-LEV$b50$c20230703$lBLL01$h0511
=CAT  \\$aRESET-LEV$b50$c20230802$lBLL01$h0212
=CAT  \\$aRESET-LEV$b50$c20230902$lBLL01$h1746
=CAT  \\$aRESET-LEV$b50$c20231002$lBLL01$h0449
=CFI  0\$aBritish Library not licensed to copy$c0$e01-jul-2012$hC$iCFP Excluded$5Uk
=CFI  2\$aBritish Library not licensed to copy$c0$e01-apr-2012$hC$iCLA Excluded$5Uk
=FIN  \\$aY$d20090416
=FMT  \\$a  SE
=LAS  \\$aRESET-LEV$b50$c20231002$lBLL01$h0449
=LET  \0$aThe news. Portsmouth
=LKR  \\$aPAR$b015477925$lBLL01$r770$mThe News$nSports mail (Portsmouth)
=LKR  \\$aPAR$b013900550$lBLL01$r770$mThe News (Portsmouth)$nThe football mail
=LKR  \\$aPAR$b013891103$lBLL01$r78000$mThe News (Portsmouth)$nThe evening news (Portsmouth)
=LKR  \\$aPAR$lBLL01$r776$nThe news - Portsmouth (Microfilm)$mThe news - Portsmouth (Print)$b013891104
=NID  \\$aNID0000826
=TCO  \\$aCLA$bCLA$c008

