=LDR  05189cas a2201009 i 4500
=001  015113170
=003  Uk
=005  20220301151034.0
=007  ta
=008  090325d18752018stkwr\n\\\\\\\0\\\a0eng\\
=022  1\$a1354-9715$202
=040  \\$aUk$beng$cUk$dUk$erda
=042  \\$aukblsr
=082  04$a072.91156$223
=222  \0$aRoss-shire journal and general advertiser for the northern counties
=245  00$aRoss-shire journal and general advertiser for the northern counties.
=246  10$aRoss-shire journal
=264  \1$aDingwall :$bRoss-shire Journal,$c[1875]-2018.
=264  31$aInverness :$bScottish Provincial Press Ltd
=300  \\$billustrations (black and white, and colour), maps (colour) ;$c57 cm
=310  \\$aWeekly
=336  \\$atext$2rdacontent
=337  \\$aunmediated$2rdamedia
=338  \\$avolume$2rdacarrier
=362  0\$a-Friday, March 30, 2018.
=540  \\$aBritish Library not licensed to copy$c0$5Uk
=588  \\$aDescription based on: Friday, March 30, 2018 issue.
=651  \0$aRoss-shire (Scotland)$vNewspapers.
=651  \0$aHighland (Scotland)$vNewspapers.
=785  00$tRoss-shire journal$x2517-2700
=852  41$aBritish Library$bNPL$jNEWS shelfmarks - see explore.bl.uk for full holdings
=852  41$aBritish Library$bHMNTS$zMicroform.$jMFM shelfmarks - see explore.bl.uk for full holdings
=852  41$aBritish Library$bNPL
=852  41$31859; Unfit for use$aBritish Library$bNPL$cEW$jS187 [1859]
=856  42$31878-1901, 1903-1912$uhttp://www.britishnewspaperarchive.co.uk/search/results?TitleId=BL/0001911$yBritish Newspaper Archive
=866  \\$aNewspapers: no. 117 (11 May 1877)-30 Mar. 2018; Print issues are not available for conservation reasons where an alternative format exists. See separate record for microfilm holdings.
=ACF  \\$aBritish Library not licensed to copy$c0$e01-apr-2012$hC$iCLA Excluded$5Uk
=ACF  \\$aBritish Library not licensed to copy$c0$e01-jan-2012$hC$iCLA Excluded$5Uk
=ACF  \\$aBritish Library not licensed to copy$c0$e01-oct-2011$hC$iCLA Excluded$5Uk
=ACF  \\$aBritish Library not licensed to copy$c0$e01-jul-2011$hC$iCLA Excluded$5Uk
=ACF  \\$aBritish Library not licensed to copy$c0$e01-apr-2011$hC$iCLA Excluded$5Uk
=ACF  \\$aBritish Library not licensed to copy$c0$e01-jan-2011$hC$iCLA Excluded$5Uk
=ACF  \\$aBritish Library not licensed to copy$c0$e01-oct-2010$hC$iCLA Excluded$5Uk
=ACF  \\$aBritish Library not licensed to copy$c0$e01-jul-2010$hC$iCLA Excluded$5Uk
=ACF  \\$aBritish Library not licensed to copy$c0$e01-apr-2010$hC$iCLA Excluded$5Uk
=ACF  \\$aBritish Library not licensed to copy$c0$e01-jul-2012$hC$iCLA Excluded$5Uk
=ACF  \\$aBritish Library not licensed to copy$c0$e01-oct-2012$hC$iCFP Excluded$5Uk
=ACF  \\$aBritish Library not licensed to copy$c0$e01-jan-2013$hC$iCFP Excluded$5Uk
=ACF  \\$aBritish Library not licensed to copy$c0$e01-apr-2013$hC$iCFP Excluded$5Uk
=ACF  \\$aBritish Library not licensed to copy$c0$e01-jul-2013$hC$iCFP Excluded$5Uk
=ACF  \\$aBritish Library not licensed to copy$c0$e01-oct-2013$hC$iCFP Excluded$5Uk
=ACF  \\$aBritish Library not licensed to copy$c0$e01-jan-2014$hC$iCFP Excluded$5Uk
=CAT  \\$aBAT-NPL-PR$c20090416$lBLL01$h1343
=CAT  \\$aBATCH-856$b50$c20220207$lBLL01$h0757
=CAT  \\$aBATCH-UPD$b50$c20220207$lBLL01$h0824
=CAT  \\$aBATCH-856$b50$c20220214$lBLL01$h0938
=CAT  \\$aBATCH-UPD$b50$c20220214$lBLL01$h1007
=CAT  \\$aBATCH-856$b50$c20220301$lBLL01$h1510
=CAT  \\$aBATCH-UPD$b50$c20220301$lBLL01$h1534
=CAT  \\$aRESET-LEV$b50$c20220302$lBLL01$h0057
=CAT  \\$aRESET-LEV$b50$c20220402$lBLL01$h1729
=CAT  \\$aRESET-LEV$b50$c20220502$lBLL01$h0244
=CAT  \\$aRESET-LEV$b50$c20220602$lBLL01$h2128
=CAT  \\$aRESET-LEV$b50$c20220702$lBLL01$h1731
=CAT  \\$aRESET-LEV$b50$c20220802$lBLL01$h0355
=CAT  \\$aRESET-LEV$b50$c20220902$lBLL01$h2224
=CAT  \\$aRESET-LEV$b50$c20221003$lBLL01$h0416
=CAT  \\$aRESET-LEV$b50$c20221102$lBLL01$h0235
=CAT  \\$aRESET-LEV$b50$c20221202$lBLL01$h2227
=CAT  \\$aRESET-LEV$b50$c20230102$lBLL01$h0305
=CAT  \\$aRESET-LEV$b50$c20230202$lBLL01$h2130
=CAT  \\$aRESET-LEV$b50$c20230302$lBLL01$h2138
=CAT  \\$aRESET-LEV$b50$c20230403$lBLL01$h0243
=CAT  \\$aRESET-LEV$b50$c20230502$lBLL01$h0326
=CAT  \\$aRESET-LEV$b50$c20230602$lBLL01$h2229
=CAT  \\$aRESET-LEV$b50$c20230703$lBLL01$h0511
=CAT  \\$aRESET-LEV$b50$c20230802$lBLL01$h0212
=CAT  \\$aRESET-LEV$b50$c20230902$lBLL01$h1746
=CAT  \\$aRESET-LEV$b50$c20231002$lBLL01$h0449
=CFI  0\$aBritish Library not licensed to copy$c0$e01-jul-2014$hC$iCFP Excluded$5Uk
=CFI  2\$aBritish Library not licensed to copy$c0$e01-apr-2014$hC$iCFP Excluded$5Uk
=FIN  \\$aY$d20090416
=FMT  \\$a  SE
=LAS  \\$aRESET-LEV$b50$c20231002$lBLL01$h0449
=LKR  \\$aPAR$lBLL01$r776$nRoss-shire journal and general advertiser for the northern counties (Microfilm)$mRoss-shire journal and general advertiser for the northern counties (Print)$b013921595
=NID  \\$aNID0001089
=TCO  \\$aCLA$bCLA$c008

