=LDR  05640cas a2201045 i 4500
=001  015387787
=003  Uk
=005  20230511163000.0
=007  ta
=008  091008d18622021enkwr\n\\\\\\\0\\\a0eng\\
=022  1\$a0963-4649$y0963-4657$y1470-2827$202
=040  \\$aUk$beng$cUk$erda
=042  \\$aukblsr$aissnuk
=082  04$a072.847$223
=222  \0$aWhitby gazette
=245  00$aWhitby gazette :$bHornes' general advertising medium.
=246  30$aHornes' general advertising medium
=264  \1$aWhitby :$bPrinted and published by Horne & Son,$c1862-2021.
=264  31$3Nov. 2018-$aLondon :$bJPIMedia Print Holdings Limited
=300  \\$billustrations (black and white, and colour) ;$c37 cm
=310  \\$aWeekly,$b2012-
=321  \\$aSemiweekly,$bApr. 2000-Dec. 2011
=321  \\$aWeekly,$b-Mar. 2000
=336  \\$atext$2rdacontent
=337  \\$aunmediated$2rdamedia
=338  \\$avolume$2rdacarrier
=362  0\$aVol. 8, no. 280 (Saturday, November 8, 1862)-Thursday July 1, 2021.
=500  \\$aOriginal title (in 1854) was: Whitby Gazette : Horne's List of Visitors, etc.
=500  \\$aPublished: Scarborough : Yorkshire Regional Newspapers, <Oct. 2009-Oct. 2018>.
=500  \\$aNov. 1912- : "Whitby gazette, with which is incorporated the Whitby times, and North Yorkshire advertiser."
=540  \\$aBritish Library not licensed to copy$c0$5Uk
=651  \0$aWhitby (England)$vNewspapers.
=651  \0$aNorth Yorkshire (England)$vNewspapers.
=740  0\$aWhitby gazette, Hornes' general advertising medium and List of visitors.$5Uk
=780  00$tWhitby gazette, Hornes' general advertising medium and List of visitors
=780  15$tWhitby times, and North Yorkshire advertiser
=785  00$tWhitby gazette.co.uk$x2755-7235
=852  41$31876$aBritish Library$bNPL$cEW$jM30862
=852  41$31898$aBritish Library$bNPL$cEW$j1526 [1898]
=852  41$31876$aBritish Library$bNPL$cEW$jM30862
=852  41$31962$aBritish Library$bNPL$j2735 [1962]
=852  41$31862$aBritish Library$bNPL$cEW$j1377 [1862]
=852  41$31876$aBritish Library$bNPL$cEW$jM30862
=852  41$aBritish Library$bNPL$jNEWS shelfmarks - see explore.bl.uk for full holdings
=852  41$aBritish Library$bHMNTS$zMicroform.$jMFM shelfmarks - see explore.bl.uk for full holdings
=852  41$aBritish Library$bNPL$jPENN shelfmarks - see explore.bl.uk for full holdings
=852  41$aBritish Library$bNPL$3Vol. [1]. no. 3, etc (20 July, 10,31 Aug., 28 Sept. 1854; 20 July, 10,24 Aug.,7,21 Sept. 1855; 3 July, 7, 14 Aug., 11-25 Sept. 1856; 20, 27 June, 29 Aug.,26 Sept.-10 Oct., 5 Dec. 1857; 23 Jan.-6 Feb.,3 Apr. 1858-31 Mar., 21 Apr. 1860; 7, 21 Sept.,5, 12 Oct., 2, 30 Nov. 1861; 4 Jan. 1862-30 Dec. 1910; 3-17 Feb.,10 Mar., 2, 16-30 June, 25 Aug., 29 Sept. 1911; 5 Jan. 1912 -)***Microfilm only 1854-83,1888,1911.***1858-83 imperfect***PRINT NOT MADE AVAILABLE WHERE AN ALTERNATIVE FORMAT EXISTS
=856  42$31854-1892, 1895-1918$uhttp://www.britishnewspaperarchive.co.uk/search/results?TitleId=BL/0001103$yBritish Newspaper Archive
=985  \\$aNew record created for print version. NPL TITLE CHANGE SEQUENCE DOES NOT MATCH WITH ISSN. Issues are produced on Tuesday (red) and Friday (blue), no edition statements, but publisher is using different (incorrect) ISSN on both issues (2009). Issues reverted to weekly from 2012.
=985  \\$aTues. and Fri. filmed together, single record used for accessioning purposes
=985  \\$aCatalogued from print issues, online facsimiles and scanned images
=ACF  \\$aBritish Library not licensed to copy$c0$e01-oct-2012$hC$iCFP Excluded$5Uk
=CAT  \\$a8128$b40$c20091008$lBLL01$h1346
=CAT  \\$aBATCH-UPD$b50$c20220207$lBLL01$h0824
=CAT  \\$aBATCH-856$b50$c20220214$lBLL01$h0938
=CAT  \\$aBATCH-UPD$b50$c20220214$lBLL01$h1007
=CAT  \\$aBATCH-856$b50$c20220301$lBLL01$h1510
=CAT  \\$aBATCH-UPD$b50$c20220301$lBLL01$h1534
=CAT  \\$aRESET-LEV$b50$c20220302$lBLL01$h0057
=CAT  \\$aRESET-LEV$b50$c20220402$lBLL01$h1729
=CAT  \\$aRESET-LEV$b50$c20220502$lBLL01$h0244
=CAT  \\$aRESET-LEV$b50$c20220602$lBLL01$h2128
=CAT  \\$aRESET-LEV$b50$c20220702$lBLL01$h1731
=CAT  \\$aRESET-LEV$b50$c20220802$lBLL01$h0355
=CAT  \\$aRESET-LEV$b50$c20220902$lBLL01$h2224
=CAT  \\$aRESET-LEV$b50$c20221003$lBLL01$h0416
=CAT  \\$aRESET-LEV$b50$c20221102$lBLL01$h0235
=CAT  \\$aRESET-LEV$b50$c20221202$lBLL01$h2227
=CAT  \\$aRESET-LEV$b50$c20230102$lBLL01$h0305
=CAT  \\$aRESET-LEV$b50$c20230202$lBLL01$h2130
=CAT  \\$aRESET-LEV$b50$c20230302$lBLL01$h2138
=CAT  \\$aRESET-LEV$b50$c20230403$lBLL01$h0243
=CAT  \\$aRESET-LEV$b50$c20230502$lBLL01$h0326
=CAT  \\$aBATCH-FIX$c20230511$lBLL01$h1630
=CAT  \\$aRESET-LEV$b50$c20230602$lBLL01$h2229
=CAT  \\$aRESET-LEV$b50$c20230703$lBLL01$h0511
=CAT  \\$aRESET-LEV$b50$c20230802$lBLL01$h0212
=CAT  \\$aRESET-LEV$b50$c20230902$lBLL01$h1746
=CAT  \\$aRESET-LEV$b50$c20231002$lBLL01$h0449
=CFI  0\$aBritish Library not licensed to copy$c0$e01-apr-2016$hC$iCFP Excluded$5Uk
=CFI  2\$aBritish Library not licensed to copy$c0$e01-jan-2014$hC$iCFP Excluded$5Uk
=FIN  \\$aY$d20091008
=FMT  \\$a  SE
=LAS  \\$aRESET-LEV$b50$c20231002$lBLL01$h0449
=LEO  \\$aMP22.0000035711
=LKR  \\$aPAR$b013900996$lBLL01$nWhitby gazette (Microfilm)$mWhitby gazette (Print)$r776
=LKR  \\$aPAR$b013900999$lBLL01$nWhitby times, and North Yorkshire advertiser$mWhitby gazette$r78015
=NID  \\$aNID0000994
=SRC  \\$aISN01$bbibmp22.200404.2.aa
=TCO  \\$aCLA$bCLA$c008

