=LDR  04914cas a2201021 a 4500
=001  015404530
=003  Uk
=005  20220301151035.0
=007  ta
=008  091029d19672011enkwr\n\\\\\\\0\\\a0eng\\
=022  1\$a0966-3037$202
=040  \\$aUk$beng$cUk$dUk
=042  \\$aukblsr$aissnuk
=082  04$a072.521$222
=222  \0$aRetford times. Gainsborough & Worksop
=245  00$aRetford, Gainsborough & Worksop times.
=246  13$aRetford times (Gainsborough & Worksop)
=260  \\$aRetford :$bRetford & Gainsborough Times
=260  2\$aRetford :$bLincolnshire Publishing Co.,$c1967-2011.
=260  3\$aRetford :$bLincolnshire Media
=300  \\$av. :$bcol. ill., col. ports. ;$c37-40 cm.
=310  \\$aWeekly
=336  \\$atext$2rdacontent
=337  \\$aunmediated$2rdamedia
=338  \\$avolume$2rdacarrier
=362  0\$aNo. 6171 (June 16, 1967)-May 12, 2011.
=540  \\$aBritish Library not licensed to copy$c0$5Uk
=588  \\$aDescription based on: Sept. 3, 2009 issue.
=588  \\$aFinal issue consulted.
=651  \0$aEast Retford (England)$vNewspapers.
=651  \0$aGainsborough (England)$vNewspapers.
=651  \0$aNottinghamshire (England)$vNewspapers.
=752  \\$aEngland$bNottinghamshire$dRetford.$2blnpn
=780  00$tRetford, Gainsborough & Worksop times, Newark & Mansfield weekly news
=785  00$tRetford and Gainsborough times$x2047-976X
=852  \\$32010-12th May (2011)$aBritish Library$bNPL$jNEWS.REG1449
=852  41$aBritish Library$bNPL$3no. 6171 (16 June 1967-)***Print copies are not made available where an alternative format exists
=852  41$31967-1978$aBritish Library$bNPL$jNEWS16349
=856  42$31982, 1985-1986, 1988$uhttp://www.britishnewspaperarchive.co.uk/search/results?TitleId=BL/0003677$yBritish Newspaper Archive
=866  \\$aNewspapers :16 June 1967-12 May 2011 [For issues to 1977 and after 2009, see Print] Print copies are not made available where a microfilm alternative exists.
=ACF  \\$aBritish Library not licensed to copy$c0$e01-apr-2012$hC$iCLA Excluded$5Uk
=ACF  \\$aBritish Library not licensed to copy$c0$e01-jan-2012$hC$iCLA Excluded$5Uk
=ACF  \\$aBritish Library not licensed to copy$c0$e01-oct-2011$hC$iCLA Excluded$5Uk
=ACF  \\$aBritish Library not licensed to copy$c0$e01-jul-2011$hC$iCLA Excluded$5Uk
=ACF  \\$aBritish Library not licensed to copy$c0$e01-oct-2004$hC$iCLA Excluded$5Uk
=ACF  \\$aBritish Library not licensed to copy$c0$e01-jul-2012$hC$iCLA Excluded$5Uk
=ACF  \\$aBritish Library not licensed to copy$c0$e01-oct-2012$hC$iCFP Excluded$5Uk
=ACF  \\$aBritish Library not licensed to copy$c0$e01-jan-2013$hC$iCFP Excluded$5Uk
=ACF  \\$aBritish Library not licensed to copy$c0$e01-apr-2013$hC$iCFP Excluded$5Uk
=ACF  \\$aBritish Library not licensed to copy$c0$e01-jul-2013$hC$iCFP Excluded$5Uk
=ACF  \\$aBritish Library not licensed to copy$c0$e01-oct-2013$hC$iCFP Excluded$5Uk
=ACF  \\$aBritish Library not licensed to copy$c0$e01-jan-2014$hC$iCFP Excluded$5Uk
=CAT  \\$a8128$b40$c20091029$lBLL01$h1608
=CAT  \\$a540_fix$c20130403$lBLL01$h2017
=CAT  \\$aBATCH-CLA$b00$c20130531$lBLL01$h1651
=CAT  \\$aIPL-CLA$c20130701$lBLL01$h0132
=CAT  \\$aBATCH-CLA$b00$c20130830$lBLL01$h1631
=CAT  \\$aIPL-CLA$c20130930$lBLL01$h1805
=CAT  \\$aBATCH-CLA$b00$c20131129$lBLL01$h1704
=CAT  \\$aIPL-CLA$c20140101$lBLL01$h0124
=CAT  \\$aNPL-LOCK$b77$c20140207$lBLL01$h2219
=CAT  \\$c20140214$lBLL01$h1747
=CAT  \\$aBATCH-CLA$b00$c20140228$lBLL01$h1619
=CAT  \\$aIPL-CLA$c20140331$lBLL01$h1637
=CAT  \\$aBATCH-CLA$b00$c20140530$lBLL01$h1716
=CAT  \\$aIPL-CLA$c20140630$lBLL01$h1746
=CAT  \\$aBATCH-856$b50$c20220110$lBLL01$h1300
=CAT  \\$aBATCH-UPD$b50$c20220110$lBLL01$h1401
=CAT  \\$aBATCH-856$b50$c20220117$lBLL01$h1434
=CAT  \\$aBATCH-UPD$b50$c20220117$lBLL01$h1511
=CAT  \\$aBATCH-856$b50$c20220131$lBLL01$h1010
=CAT  \\$aBATCH-UPD$b50$c20220131$lBLL01$h1033
=CAT  \\$aBATCH-856$b50$c20220207$lBLL01$h0757
=CAT  \\$aBATCH-UPD$b50$c20220207$lBLL01$h0824
=CAT  \\$aBATCH-856$b50$c20220214$lBLL01$h0938
=CAT  \\$aBATCH-UPD$b50$c20220214$lBLL01$h1007
=CAT  \\$aBATCH-856$b50$c20220301$lBLL01$h1510
=CAT  \\$aBATCH-UPD$b50$c20220301$lBLL01$h1534
=CFI  0\$aBritish Library not licensed to copy$c0$e01-jul-2014$hC$iCFP Excluded$5Uk
=CFI  2\$aBritish Library not licensed to copy$c0$e01-apr-2014$hC$iCFP Excluded$5Uk
=FIN  \\$aY$d20091029
=FMT  \\$a  SE
=LAS  \\$aBATCH-UPD$b50$c20220301$lBLL01$h1534
=LEO  \\$aMP22.0000037929
=LKR  \\$aPAR$b013891689$lBLL01$nRetford, Gainsborough & Worksop times (Microfilm)$mRetford, Gainsborough & Worksop times (Print)$r776
=NID  \\$aNID0000853
=SRC  \\$aISN01$bbibmp22.200404.2.aa
=TCO  \\$aCLA$bCLA$c008

