=LDR  02946cas a22007577a 4500
=001  015430257
=003  Uk
=005  20220301151035.0
=007  ta
=008  091128c19899999enkuu\n\\\\\\\0\\\a0eng\\
=022  1\$a1462-4451
=040  \\$aUk$cUk
=082  04$a072.613$222
=130  0\$aLynn news (Tuesday edition)
=245  10$aLynn news.
=246  3\$aLynn news Tuesday
=250  \\$aTuesday ed.
=260  \\$aKing's Lynn :$bAnglia Newspapers.
=300  \\$av. ;$c38 cm.
=310  \\$aWeekly
=336  \\$atext$2rdacontent
=337  \\$aunmediated$2rdamedia
=338  \\$avolume$2rdacarrier
=651  0\$aKing's Lynn (England)$vNewspapers.
=651  0\$aNorfolk (England)$vNewspapers.
=752  \\$aEngland$bNorfolk$dKing's Lynn.$2blnpn
=775  0\$tLynn news (Friday edition)$x1462-4478
=780  00$tLynn news & advertiser
=852  41$32006-$aBritish Library$bNPL$jNEWS.REG933
=852  41$32010-$aBritish Library$bNPL$323 May 1989-***Print copies are not made available where an alternative format exists
=856  42$31989-1999$uhttp://www.britishnewspaperarchive.co.uk/search/results?TitleId=BL/0003808$yBritish Newspaper Archive
=985  \\$aTues. and Fri. editions are stored and filmed together.
=CAT  \\$a10932$b40$c20091128$lBLL01$h0906
=CAT  \\$aBATCH-UPD$b50$c20211101$lBLL01$h1414
=CAT  \\$aBATCH-856$b50$c20211108$lBLL01$h1045
=CAT  \\$aBATCH-UPD$b50$c20211108$lBLL01$h1104
=CAT  \\$aBATCH-856$b50$c20211115$lBLL01$h0940
=CAT  \\$aBATCH-UPD$b50$c20211115$lBLL01$h1000
=CAT  \\$aBATCH-856$b50$c20211122$lBLL01$h1254
=CAT  \\$aBATCH-UPD$b50$c20211122$lBLL01$h1312
=CAT  \\$aBATCH-856$b50$c20211220$lBLL01$h1032
=CAT  \\$aBATCH-UPD$b50$c20211220$lBLL01$h1118
=CAT  \\$aBATCH-856$b50$c20211228$lBLL01$h1450
=CAT  \\$aBATCH-UPD$b50$c20211228$lBLL01$h1526
=CAT  \\$aBATCH-856$b50$c20220104$lBLL01$h0958
=CAT  \\$aBATCH-UPD$b50$c20220104$lBLL01$h1025
=CAT  \\$aBATCH-856$b50$c20220110$lBLL01$h1300
=CAT  \\$aBATCH-UPD$b50$c20220110$lBLL01$h1401
=CAT  \\$aBATCH-856$b50$c20220117$lBLL01$h1434
=CAT  \\$aBATCH-UPD$b50$c20220117$lBLL01$h1511
=CAT  \\$aBATCH-856$b50$c20220131$lBLL01$h1010
=CAT  \\$aBATCH-UPD$b50$c20220131$lBLL01$h1033
=CAT  \\$aBATCH-856$b50$c20220207$lBLL01$h0757
=CAT  \\$aBATCH-UPD$b50$c20220207$lBLL01$h0824
=CAT  \\$aBATCH-856$b50$c20220214$lBLL01$h0938
=CAT  \\$aBATCH-UPD$b50$c20220214$lBLL01$h1007
=CAT  \\$aBATCH-856$b50$c20220301$lBLL01$h1510
=CAT  \\$aBATCH-UPD$b50$c20220301$lBLL01$h1534
=FIN  \\$aY
=FMT  \\$a  SE
=LAS  \\$aBATCH-UPD$b50$c20220301$lBLL01$h1534
=LET  \0$aLynn news. Tuesday
=LKR  \\$aPAR$b015430256$lBLL01$r775$mLynn news (Tuesday ed.)$nLynn news (Friday ed.)
=LKR  \\$aPAR$b013894948$lBLL01$nLynn news (Microfilm)$mLynn news (Print)$r776
=NID  \\$aNID0000965
=TCO  \\$aCLA$bCLA$c008

