=LDR  03230cas a2200745u  4500
=001  013890509
=003  Uk
=005  20220301150953.0
=008  950421d18291952|||wr|n|||\\\\0\\\||eng\\
=019  n\$aNLC0000345
=040  \\$aUk$cUk
=082  04$a072.356$222
=245  04$aThe Western Times.
=336  \\$atext$2rdacontent
=337  \\$aunmediated$2rdamedia
=338  \\$avolume$2rdacarrier
=500  \\$aWanting 1911.
=651  \0$aDevon (England)$vNewspapers.
=651  \0$aExeter (England)$vNewspapers.
=752  \\$aEngland$bDevon$dExeter.$2blnpn
=780  00$tExeter Weekly Times, Plymouth, Devonport, & West of England General Advertiser$gno. 34-65 (24 May-27 Oct. 1828)$w013890508
=785  00$tWestern Times & Gazette$gno. 23335-25128 (4 July 1952-6 Feb.1987)$w013890510
=852  \\$aBritish Library$bNPL
=852  41$31784$aBritish Library$bNPL$cEW$jP28
=852  41$aBritish Library$bNPL$jNEWS shelfmarks - see explore.bl.uk for full holdings
=852  41$aBritish Library$bHMNTS$zMicroform.$jMFM shelfmarks - see explore.bl.uk for full holdings
=852  41$aBritish Library$bNPL$jPENN shelfmarks - see explore.bl.uk for full holdings
=856  42$31829-1896, 1898-1910, 1912-1950$uhttp://www.britishnewspaperarchive.co.uk/search/results?TitleId=BL/0000265$yBritish Newspaper Archive
=866  \0$aNewspapers :no. 66-23334 (3 Jan. 1829-27 Jan. 1952)
=985  \\$aDisaggregated Record: NPL
=CAT  \\$aBATCH-NPL$b00$c20070912$lBLL01$h1125
=CAT  \\$aBATCH-856$b50$c20220207$lBLL01$h0756
=CAT  \\$aBATCH-UPD$b50$c20220207$lBLL01$h0800
=CAT  \\$aBATCH-856$b50$c20220214$lBLL01$h0937
=CAT  \\$aBATCH-UPD$b50$c20220214$lBLL01$h0943
=CAT  \\$aBATCH-856$b50$c20220301$lBLL01$h1509
=CAT  \\$aBATCH-UPD$b50$c20220301$lBLL01$h1514
=CAT  \\$aRESET-LEV$b50$c20220302$lBLL01$h0052
=CAT  \\$aRESET-LEV$b50$c20220402$lBLL01$h1723
=CAT  \\$aRESET-LEV$b50$c20220502$lBLL01$h0238
=CAT  \\$aRESET-LEV$b50$c20220602$lBLL01$h2122
=CAT  \\$aRESET-LEV$b50$c20220702$lBLL01$h1725
=CAT  \\$aRESET-LEV$b50$c20220802$lBLL01$h0350
=CAT  \\$aRESET-LEV$b50$c20220902$lBLL01$h2217
=CAT  \\$aRESET-LEV$b50$c20221003$lBLL01$h0410
=CAT  \\$aRESET-LEV$b50$c20221102$lBLL01$h0229
=CAT  \\$aRESET-LEV$b50$c20221202$lBLL01$h2221
=CAT  \\$aRESET-LEV$b50$c20230102$lBLL01$h0255
=CAT  \\$aRESET-LEV$b50$c20230202$lBLL01$h2122
=CAT  \\$aRESET-LEV$b50$c20230302$lBLL01$h2130
=CAT  \\$aRESET-LEV$b50$c20230403$lBLL01$h0237
=CAT  \\$aRESET-LEV$b50$c20230502$lBLL01$h0321
=CAT  \\$aRESET-LEV$b50$c20230602$lBLL01$h2222
=CAT  \\$aRESET-LEV$b50$c20230703$lBLL01$h0503
=CAT  \\$aRESET-LEV$b50$c20230802$lBLL01$h0204
=CAT  \\$aRESET-LEV$b50$c20230902$lBLL01$h1732
=CAT  \\$aRESET-LEV$b50$c20231002$lBLL01$h0435
=FIN  \\$aY
=FMT  \\$a  SE
=LAS  \\$aRESET-LEV$b50$c20231002$lBLL01$h0435
=LEO  \\$aMP35.0000100331.2
=LKR  \\$aPAR$lBLL01$r78500$nWestern Times & Gazette - no. 23335-25128 (4 July 1952-6 Feb.1987)$b013890510$mThe Western Times. - no. 66-23334 (3 Jan. 1829-27 Jan. 1952)
=NID  \\$aNID0002145
=SRC  \\$aNPLv17$bbibmp35.20070831.aa
=TCO  \\$aZZZ$c008

