=LDR  03575cas a2200793u  4500
=001  013890576
=003  Uk
=005  20220301150953.0
=008  950421d19111914||||||n|||\\\\0\\\||eng\\
=019  n\$aNLC0000373
=040  \\$aUk$cUk
=082  04$a072.821$222
=245  04$aThe Week and Sports Special ""Green "Un"".
=336  \\$atext$2rdacontent
=337  \\$aunmediated$2rdamedia
=338  \\$avolume$2rdacarrier
=651  \0$aSheffield (England)$vNewspapers.
=651  \0$aSouth Yorkshire (England)$vNewspapers.
=752  \\$aEngland$bSouth Yorkshire$dSheffield.$2blnpn
=780  00$tFootball and Sports Special.$bThe Saturday sports edition of the Yorkshire Telegraph and Star$gno. 1-197 (14 Sept. 1907-3 June 1911)$w013890575
=785  00$tSports Special : The Green "Un$gno. 341-1581 (7 March 1914-24 Dec. 1937)$w013890577
=852  41$31884-1921$aBritish Library$bNPL$jNEWS5302
=852  41$31888$aBritish Library$bHMNTS$zMicroform.$jMFM.M4750 [1888]
=852  41$31909$aBritish Library$bHMNTS$zMicroform.$jMFM.M1040 [1909]
=852  41$31913-1939$aBritish Library$bNPL$jNEWS375
=852  41$aBritish Library$bNPL
=852  41$31914$aBritish Library$bHMNTS$zMicroform.$jMFM.M38790 [1914]
=852  41$31912-1920$aBritish Library$bNPL$jNEWS5890
=852  41$31907-1911$aBritish Library$bNPL$jNEWS979
=856  42$31911-1914$uhttp://www.britishnewspaperarchive.co.uk/search/results?TitleId=BL/0001913$yBritish Newspaper Archive
=866  \0$aNewspapers :no. 198-340 (10 June 1911-28 Feb. 1914)
=883  0\$aLanguage codes assigned by Bayesian analysis of words present in record$d20200826$qUk$c0.9919
=985  \\$aDisaggregated Record: NPL
=985  \\$aUpgraded by BSS-generated file for WR2009-0365
=CAT  \\$aBATCH-NPL$b00$c20070912$lBLL01$h1125
=CAT  \\$aBATCH-856$b50$c20220207$lBLL01$h0756
=CAT  \\$aBATCH-UPD$b50$c20220207$lBLL01$h0801
=CAT  \\$aBATCH-856$b50$c20220214$lBLL01$h0937
=CAT  \\$aBATCH-UPD$b50$c20220214$lBLL01$h0943
=CAT  \\$aBATCH-856$b50$c20220301$lBLL01$h1509
=CAT  \\$aBATCH-UPD$b50$c20220301$lBLL01$h1515
=CAT  \\$aRESET-LEV$b50$c20220302$lBLL01$h0052
=CAT  \\$aRESET-LEV$b50$c20220402$lBLL01$h1723
=CAT  \\$aRESET-LEV$b50$c20220502$lBLL01$h0238
=CAT  \\$aRESET-LEV$b50$c20220602$lBLL01$h2122
=CAT  \\$aRESET-LEV$b50$c20220702$lBLL01$h1725
=CAT  \\$aRESET-LEV$b50$c20220802$lBLL01$h0350
=CAT  \\$aRESET-LEV$b50$c20220902$lBLL01$h2217
=CAT  \\$aRESET-LEV$b50$c20221003$lBLL01$h0410
=CAT  \\$aRESET-LEV$b50$c20221102$lBLL01$h0229
=CAT  \\$aRESET-LEV$b50$c20221202$lBLL01$h2221
=CAT  \\$aRESET-LEV$b50$c20230102$lBLL01$h0255
=CAT  \\$aRESET-LEV$b50$c20230202$lBLL01$h2123
=CAT  \\$aRESET-LEV$b50$c20230302$lBLL01$h2130
=CAT  \\$aRESET-LEV$b50$c20230403$lBLL01$h0237
=CAT  \\$aRESET-LEV$b50$c20230502$lBLL01$h0321
=CAT  \\$aRESET-LEV$b50$c20230602$lBLL01$h2222
=CAT  \\$aRESET-LEV$b50$c20230703$lBLL01$h0503
=CAT  \\$aRESET-LEV$b50$c20230802$lBLL01$h0205
=CAT  \\$aRESET-LEV$b50$c20230902$lBLL01$h1732
=CAT  \\$aRESET-LEV$b50$c20231002$lBLL01$h0436
=FIN  \\$aY
=FMT  \\$a  SE
=LAS  \\$aRESET-LEV$b50$c20231002$lBLL01$h0436
=LEO  \\$aMP35.0000100359.1
=LKR  \\$aPAR$lBLL01$r78500$nSports Special : The Green "Un - no. 341-1581 (7 March 1914-24 Dec. 1937)$b013890577$mThe Week and Sports Special ""Green "Un"". - no. 198-340 (10 June 1911-28 Feb. 1914)
=NID  \\$aNID0002203
=SRC  \\$aNPLv17$bbibmp35.20070831.aa
=TCO  \\$aZZZ$c008

