=LDR  10473cas a2201873u  4500
=001  013890620
=003  Uk
=005  20220301150954.0
=008  950421d19181956|||dr|n|||\\\\0\\\||eng\\
=019  n\$aNLC0000393
=040  \\$aUk$cUk
=082  04$a072.496$222
=245  00$aBirmingham Post.
=336  \\$atext$2rdacontent
=337  \\$aunmediated$2rdamedia
=338  \\$avolume$2rdacarrier
=651  \0$aBirmingham (England)$vNewspapers.
=651  \0$aWest Midlands (England)$vNewspapers.
=752  \\$aEngland$bWest Midlands$dBirmingham.$2blnpn
=780  00$tBirmingham Daily Post$gno. 1-18711 (4 Dec. 1857-20 May 1918)$w013943727
=785  00$tBirmingham Post & Birmingham Gazette$gno. 30639-33045 (3 Nov. 1956-23 Sept. 1964)$w013890621
=852  41$31857-1918$aBritish Library$bNPL$jNEWS16100
=852  41$31858$aBritish Library$bHMNTS$zMicroform.$jMFM.M17510-2
=852  41$31859$aBritish Library$bHMNTS$zMicroform.$jMFM.M17513-5
=852  41$31860$aBritish Library$bHMNTS$zMicroform.$jMFM.M17516-8
=852  41$31861$aBritish Library$bHMNTS$zMicroform.$jMFM.M17519-20
=852  41$31862$aBritish Library$bHMNTS$zMicroform.$jMFM.M17521-2
=852  41$31863$aBritish Library$bHMNTS$zMicroform.$jMFM.M17523-5
=852  41$31865$aBritish Library$bHMNTS$zMicroform.$jMFM.M39093-6
=852  41$31868$aBritish Library$bHMNTS$zMicroform.$jMFM.M39319-22
=852  41$31871$aBritish Library$bHMNTS$zMicroform.$jMFM.M39323-8
=852  41$31872$aBritish Library$bHMNTS$zMicroform.$jMFM.M39337-42
=852  41$31877$aBritish Library$bHMNTS$zMicroform.$jMFM.M34753-8
=852  41$31878$aBritish Library$bHMNTS$zMicroform.$jMFM.M36281-4
=852  41$31879$aBritish Library$bHMNTS$zMicroform.$jMFM.M37267-72
=852  41$31888$aBritish Library$bHMNTS$zMicroform.$jMFM.M39346-51
=852  41$31889$aBritish Library$bHMNTS$zMay - Dec$zMicroform.$jMFM.M4588-90
=852  41$31889$aBritish Library$bHMNTS$zJan - Apr$zMicroform.$jMFM.M31103-4
=852  41$31890$aBritish Library$bHMNTS$zMicroform.$jMFM.M23246-9
=852  41$31891$aBritish Library$bHMNTS$zMicroform.$jMFM.M23250-3
=852  41$31892$aBritish Library$bHMNTS$zMicroform.$jMFM.M22045-8
=852  41$31893$aBritish Library$bHMNTS$zJan - Aug$zMicroform.$jMFM.M23254-6
=852  41$31894$aBritish Library$bHMNTS$zMicroform.$jMFM.M23257-60
=852  41$31895$aBritish Library$bHMNTS$zMicroform.$jMFM.M23261-4
=852  41$31896$aBritish Library$bHMNTS$zMicroform.$jMFM.M39640-4
=852  41$31897$aBritish Library$bHMNTS$zJan - 24 Sep$zMicroform.$jMFM.M39644-7
=852  41$31898$aBritish Library$bHMNTS$zJul - Dec$zMicroform.$jMFM.M1922-4
=852  41$31898$aBritish Library$bHMNTS$zJan - Mar$zMicroform.$jMFM.M1730-1
=852  41$31899$aBritish Library$bHMNTS$zJul - Sep$zMicroform.$jMFM.M1400-1
=852  41$31910$aBritish Library$bHMNTS$zOct - Dec$zMicroform.$jMFM.M917-8
=852  41$31910$aBritish Library$bHMNTS$zJan - Jun$zMicroform.$jMFM.M914-6
=852  41$31910$aBritish Library$bHMNTS$zJul - Sep$zMicroform.$jMFM.M776-8
=852  41$31911$aBritish Library$bHMNTS$zJan - 20 Dec$zMicroform.$jMFM.M39650-5
=852  41$31864$aBritish Library$bHMNTS$zMicroform.$jMFM.M78673-5
=852  41$31867$aBritish Library$bHMNTS$zJul - Dec$zMicroform.$jMFM.M78676-7
=852  41$31869$aBritish Library$bHMNTS$zMicroform.$jMFM.M78678-80
=852  41$31870$aBritish Library$bHMNTS$zMicroform.$jMFM.M78681-4
=852  41$31873$aBritish Library$bHMNTS$zMicroform.$jMFM.M78685-8
=852  41$31874$aBritish Library$bHMNTS$zMicroform.$jMFM.M78689-92
=852  41$31875$aBritish Library$bHMNTS$zMicroform.$jMFM.M78693-6
=852  41$31876$aBritish Library$bHMNTS$zMicroform.$jMFM.M78697-700
=852  41$31880$aBritish Library$bHMNTS$zMicroform.$jMFM.M78701-4
=852  41$31881$aBritish Library$bHMNTS$zMicroform.$jMFM.M78705-8
=852  41$31882$aBritish Library$bHMNTS$zMicroform.$jMFM.M78709-12
=852  41$31883$aBritish Library$bHMNTS$zMicroform.$jMFM.M78713-6
=852  41$31884$aBritish Library$bHMNTS$zMicroform.$jMFM.M78717-20
=852  41$31885$aBritish Library$bHMNTS$zMicroform.$jMFM.M78721-4
=852  41$31886$aBritish Library$bHMNTS$zMicroform.$jMFM.M78725-8
=852  41$31887$aBritish Library$bHMNTS$zMicroform.$jMFM.M78729-32
=852  41$31900$aBritish Library$bHMNTS$zJan - Sep$zMicroform.$jMFM.M78733-7
=852  41$31901$aBritish Library$bHMNTS$zMicroform.$jMFM.M79601-6
=852  41$31902$aBritish Library$bHMNTS$zMicroform.$jMFM.M79607-12
=852  41$31903$aBritish Library$bHMNTS$zMicroform.$jMFM.M79613-8
=852  41$31904$aBritish Library$bHMNTS$zMicroform.$jMFM.M79619-24
=852  41$31905$aBritish Library$bHMNTS$zMicroform.$jMFM.M79625-30
=852  41$31906$aBritish Library$bHMNTS$zMicroform.$jMFM.M79631-6
=852  41$31907$aBritish Library$bHMNTS$zMicroform.$jMFM.M79637-42
=852  41$31908$aBritish Library$bHMNTS$zMicroform.$jMFM.M79643-8
=852  41$31909$aBritish Library$bHMNTS$zMicroform.$jMFM.M79649-54
=852  41$31912$aBritish Library$bHMNTS$zMicroform.$jMFM.M79655-60
=852  41$31913$aBritish Library$bHMNTS$zMicroform.$jMFM.M79661-6
=852  41$31914$aBritish Library$bHMNTS$zMicroform.$jMFM.M79667-72
=852  41$31915$aBritish Library$bHMNTS$zMicroform.$jMFM.M79673-8
=852  41$31916$aBritish Library$bHMNTS$zMicroform.$jMFM.M79679-83
=852  41$31917$aBritish Library$bHMNTS$zMicroform.$jMFM.M79684-7
=852  41$31918$aBritish Library$bHMNTS$zMicroform.$jMFM.M79688-91
=852  41$31857$aBritish Library$bHMNTS$zMicroform.$jMFM.M17510 [1857]
=852  41$31898$aBritish Library$bHMNTS$zApr - Jun$zMicroform.$jMFM.M2325 [1898]
=852  41$31899$aBritish Library$bHMNTS$zOct - Dec$zMicroform.$jMFM.M3627 [1899]
=852  41$31899$aBritish Library$bHMNTS$zApr - Jun$zMicroform.$jMFM.M2497 [1899]
=852  41$31918-1956$aBritish Library$bNPL$jNEWS1000
=852  41$31924$aBritish Library$bHMNTS$jMFM.M95012$z1 Dec - 31 Dec 1924$zMicroform
=852  \\$aBritish Library$bHMNTS
=852  \\$aBritish Library$bHMNTS
=852  41$31933$aBritish Library$bHMNTS$jMFM.M95029$z1 Mar - 31 Mar 1933$zMicroform
=852  41$31936$aBritish Library$bHMNTS$jMFM.M95030$zJuly - Aug 1936$zMicroform
=852  41$31925$aBritish Library$bHMNTS$jMFM.M95014$z1 June - 30 June 1925$zMicroform
=852  41$31925$aBritish Library$bHMNTS$jMFM.M95016$z1 Sept - 30 Sept 1925$zMicroform
=852  41$31925$aBritish Library$bHMNTS$jMFM.M95018$z1 Dec - 31 Dec 1925$zMicroform
=852  41$31928$aBritish Library$bHMNTS$jMFM.M95024$zJan - Feb 1928$zMicroform
=852  41$31928$aBritish Library$bHMNTS$jMFM.M95026$zOct - Nov 1928$zMicroform
=852  41$31933$aBritish Library$bHMNTS$jMFM.M95028$zJan - Feb 1933$zMicroform
=852  41$31924$aBritish Library$bHMNTS$jMFM.M95011$z1 Oct - Nov 1924$zMicroform
=852  41$31925$aBritish Library$bHMNTS$jMFM.M95013$zApril - May 1925$zMicroform
=852  41$31925$aBritish Library$bHMNTS$jMFM.M95015$z1 July - 31 Aug 1925$zMicroform
=852  41$31925$aBritish Library$bHMNTS$jMFM.M95017$zOct - Nov 1925$zMicroform
=852  41$31926$aBritish Library$bHMNTS$jMFM.M95019$zApril - June 1926$zMicroform
=852  41$31926$aBritish Library$bHMNTS$jMFM.M95020$zOct - Nov 1926$zMicroform
=852  41$31926$aBritish Library$bHMNTS$jMFM.M95021$z1 Dec - 31 Dec 1926$zMicroform
=852  41$31928$aBritish Library$bHMNTS$jMFM.M95027$z1 Dec - 31 Dec 1928$zMicroform
=852  41$31928$aBritish Library$bHMNTS$jMFM.M95025$z1 Mar - 31 Mar 1928$zMicroform
=852  41$31924$aBritish Library$bHMNTS$jMFM.M95009$z1 July - 30 Aug 1924$zMicroform
=852  41$31924$aBritish Library$bHMNTS$jMFM.M95010$z1 Sept - 30 Sept 1924$zMicroform
=852  41$31927$aBritish Library$bHMNTS$jMFM.M95022$zApril - May 1927$zMicroform
=852  41$31927$aBritish Library$bHMNTS$jMFM.M95023$z1 June - 30 June 1927$zMicroform
=852  41$31924$aBritish Library$bHMNTS$jMFM.M95008 [1924]$zMicroform$zJun
=852  41$31920$aBritish Library$bHMNTS$jMFM.M95006 [1920]$zMar$zMicroform
=852  41$31920$aBritish Library$bHMNTS$jMFM.M95005 [1920]$zMicroform$zJan-Feb
=852  41$31919$aBritish Library$bHMNTS$jMFM.M95002 [1919]$zMicroform$z1 Jan-31 Mar 1919
=852  41$31918$aBritish Library$bHMNTS$zMicroform.$jMFM.M79688-91
=852  41$31924$aBritish Library$bHMNTS$jMFM.M95007 [1924]$zMicroform$zApr-May
=856  42$31939-1945, 1954-1956$uhttp://www.britishnewspaperarchive.co.uk/search/results?TitleId=BL/0000619$yBritish Newspaper Archive
=866  \0$aNewspapers :no. 18712-30638 (21 May 1918-2 Nov. 1956)
=985  \\$aDisaggregated Record: NPL
=CAT  \\$aBATCH-NPL$b00$c20070912$lBLL01$h1125
=CAT  \\$aBATCH-856$b50$c20220207$lBLL01$h0756
=CAT  \\$aBATCH-UPD$b50$c20220207$lBLL01$h0801
=CAT  \\$aBATCH-856$b50$c20220214$lBLL01$h0937
=CAT  \\$aBATCH-UPD$b50$c20220214$lBLL01$h0943
=CAT  \\$aBATCH-856$b50$c20220301$lBLL01$h1509
=CAT  \\$aBATCH-UPD$b50$c20220301$lBLL01$h1515
=CAT  \\$aRESET-LEV$b50$c20220302$lBLL01$h0052
=CAT  \\$aRESET-LEV$b50$c20220402$lBLL01$h1723
=CAT  \\$aRESET-LEV$b50$c20220502$lBLL01$h0238
=CAT  \\$aRESET-LEV$b50$c20220602$lBLL01$h2122
=CAT  \\$aRESET-LEV$b50$c20220702$lBLL01$h1725
=CAT  \\$aRESET-LEV$b50$c20220802$lBLL01$h0350
=CAT  \\$aRESET-LEV$b50$c20220902$lBLL01$h2217
=CAT  \\$aRESET-LEV$b50$c20221003$lBLL01$h0410
=CAT  \\$aRESET-LEV$b50$c20221102$lBLL01$h0229
=CAT  \\$aRESET-LEV$b50$c20221202$lBLL01$h2221
=CAT  \\$aRESET-LEV$b50$c20230102$lBLL01$h0255
=CAT  \\$aRESET-LEV$b50$c20230202$lBLL01$h2123
=CAT  \\$aRESET-LEV$b50$c20230302$lBLL01$h2130
=CAT  \\$aRESET-LEV$b50$c20230403$lBLL01$h0237
=CAT  \\$aRESET-LEV$b50$c20230502$lBLL01$h0321
=CAT  \\$aRESET-LEV$b50$c20230602$lBLL01$h2222
=CAT  \\$aRESET-LEV$b50$c20230703$lBLL01$h0503
=CAT  \\$aRESET-LEV$b50$c20230802$lBLL01$h0205
=CAT  \\$aRESET-LEV$b50$c20230902$lBLL01$h1732
=CAT  \\$aRESET-LEV$b50$c20231002$lBLL01$h0436
=FIN  \\$aY
=FMT  \\$a  SE
=LAS  \\$aRESET-LEV$b50$c20231002$lBLL01$h0436
=LEO  \\$aMP35.0000100379.1
=LKR  \\$aPAR$lBLL01$r78500$nBirmingham Post & Birmingham Gazette - no. 30639-33045 (3 Nov. 1956-23 Sept. 1964)$b013890621$mBirmingham Post. - no. 18712-30638 (21 May 1918-2 Nov. 1956)
=NID  \\$aNID0002235
=SRC  \\$aNPLv17$bbibmp35.20070831.aa
=TCO  \\$aZZZ$c008

