=LDR  05903cas a2201129u  4500
=001  013890621
=003  Uk
=005  20220301150954.0
=008  950421d19561964|||dr|n|||\\\\0\\\||eng\\
=019  n\$aNLC0000393
=040  \\$aUk$cUk
=082  04$a072.496$222
=245  04$aThe Birmingham Post & Birmingham Gazette.
=336  \\$atext$2rdacontent
=337  \\$aunmediated$2rdamedia
=338  \\$avolume$2rdacarrier
=651  \0$aBirmingham (England)$vNewspapers.
=651  \0$aWest Midlands (England)$vNewspapers.
=752  \\$aEngland$bWest Midlands$dBirmingham.$2blnpn
=780  00$tBirmingham Post$gno. 18712-30638 (21 May 1918-2 Nov. 1956)$w013890620
=785  00$tBirmingham Post$gno. 33046- (24 Sept. 1964-)$w013890622
=852  41$31918-1956$aBritish Library$bNPL$jNEWS1000
=852  41$31924$aBritish Library$bHMNTS$jMFM.M95012$z1 Dec - 31 Dec 1924$zMicroform
=852  \\$aBritish Library$bHMNTS
=852  \\$aBritish Library$bHMNTS
=852  41$31933$aBritish Library$bHMNTS$jMFM.M95029$z1 Mar - 31 Mar 1933$zMicroform
=852  41$31936$aBritish Library$bHMNTS$jMFM.M95030$zJuly - Aug 1936$zMicroform
=852  41$31925$aBritish Library$bHMNTS$jMFM.M95014$z1 June - 30 June 1925$zMicroform
=852  41$31925$aBritish Library$bHMNTS$jMFM.M95016$z1 Sept - 30 Sept 1925$zMicroform
=852  41$31925$aBritish Library$bHMNTS$jMFM.M95018$z1 Dec - 31 Dec 1925$zMicroform
=852  41$31928$aBritish Library$bHMNTS$jMFM.M95024$zJan - Feb 1928$zMicroform
=852  41$31928$aBritish Library$bHMNTS$jMFM.M95026$zOct - Nov 1928$zMicroform
=852  41$31933$aBritish Library$bHMNTS$jMFM.M95028$zJan - Feb 1933$zMicroform
=852  41$31924$aBritish Library$bHMNTS$jMFM.M95011$z1 Oct - Nov 1924$zMicroform
=852  41$31925$aBritish Library$bHMNTS$jMFM.M95013$zApril - May 1925$zMicroform
=852  41$31925$aBritish Library$bHMNTS$jMFM.M95015$z1 July - 31 Aug 1925$zMicroform
=852  41$31925$aBritish Library$bHMNTS$jMFM.M95017$zOct - Nov 1925$zMicroform
=852  41$31926$aBritish Library$bHMNTS$jMFM.M95019$zApril - June 1926$zMicroform
=852  41$31926$aBritish Library$bHMNTS$jMFM.M95020$zOct - Nov 1926$zMicroform
=852  41$31926$aBritish Library$bHMNTS$jMFM.M95021$z1 Dec - 31 Dec 1926$zMicroform
=852  41$31928$aBritish Library$bHMNTS$jMFM.M95027$z1 Dec - 31 Dec 1928$zMicroform
=852  41$31928$aBritish Library$bHMNTS$jMFM.M95025$z1 Mar - 31 Mar 1928$zMicroform
=852  41$31924$aBritish Library$bHMNTS$jMFM.M95009$z1 July - 30 Aug 1924$zMicroform
=852  41$31924$aBritish Library$bHMNTS$jMFM.M95010$z1 Sept - 30 Sept 1924$zMicroform
=852  41$31927$aBritish Library$bHMNTS$jMFM.M95022$zApril - May 1927$zMicroform
=852  41$31927$aBritish Library$bHMNTS$jMFM.M95023$z1 June - 30 June 1927$zMicroform
=852  41$31924$aBritish Library$bHMNTS$jMFM.M95008 [1924]$zMicroform$zJun
=852  41$31920$aBritish Library$bHMNTS$jMFM.M95006 [1920]$zMar$zMicroform
=852  41$31920$aBritish Library$bHMNTS$jMFM.M95005 [1920]$zMicroform$zJan-Feb
=852  41$31919$aBritish Library$bHMNTS$jMFM.M95002 [1919]$zMicroform$z1 Jan-31 Mar 1919
=852  41$31918$aBritish Library$bHMNTS$zMicroform.$jMFM.M79688-91
=852  41$31924$aBritish Library$bHMNTS$jMFM.M95007 [1924]$zMicroform$zApr-May
=852  41$31964$aBritish Library$bHMNTS$jMFM.M95031$z1 Sept - 30 Sept 1964$zMicrofilm
=852  41$31984$aBritish Library$bHMNTS$jMFM.M95209$z1 May - 31 May 1984$zMicroform
=852  41$31964$aBritish Library$bHMNTS$jMFM.M95032$z1 Oct - 31 Oct 1964$zMicroform
=852  41$31982$aBritish Library$bHMNTS$jMFM.M95265 [1982]$z1 April - 30 April 1982$zMicroform
=852  41$31964-1991$aBritish Library$bNPL$jNEWS263
=852  41$32010-$aBritish Library$bNPL$jNEWS.REG192
=852  41$31956-1964$aBritish Library$bNPL$jNEWS1001
=856  42$31956-1964$uhttp://www.britishnewspaperarchive.co.uk/search/results?TitleId=BL/0002134$yBritish Newspaper Archive
=866  \0$aNewspapers :no. 30639-33045 (3 Nov. 1956-23 Sept. 1964)
=985  \\$aUpgraded by BSS-generated file for WR1910-0531
=CAT  \\$aBATCH-NPL$b00$c20070912$lBLL01$h1125
=CAT  \\$aBATCH-856$b50$c20220207$lBLL01$h0756
=CAT  \\$aBATCH-UPD$b50$c20220207$lBLL01$h0801
=CAT  \\$aBATCH-856$b50$c20220214$lBLL01$h0937
=CAT  \\$aBATCH-UPD$b50$c20220214$lBLL01$h0943
=CAT  \\$aBATCH-856$b50$c20220301$lBLL01$h1509
=CAT  \\$aBATCH-UPD$b50$c20220301$lBLL01$h1515
=CAT  \\$aRESET-LEV$b50$c20220302$lBLL01$h0052
=CAT  \\$aRESET-LEV$b50$c20220402$lBLL01$h1723
=CAT  \\$aRESET-LEV$b50$c20220502$lBLL01$h0238
=CAT  \\$aRESET-LEV$b50$c20220602$lBLL01$h2122
=CAT  \\$aRESET-LEV$b50$c20220702$lBLL01$h1725
=CAT  \\$aRESET-LEV$b50$c20220802$lBLL01$h0350
=CAT  \\$aRESET-LEV$b50$c20220902$lBLL01$h2217
=CAT  \\$aRESET-LEV$b50$c20221003$lBLL01$h0410
=CAT  \\$aRESET-LEV$b50$c20221102$lBLL01$h0229
=CAT  \\$aRESET-LEV$b50$c20221202$lBLL01$h2221
=CAT  \\$aRESET-LEV$b50$c20230102$lBLL01$h0256
=CAT  \\$aRESET-LEV$b50$c20230202$lBLL01$h2123
=CAT  \\$aRESET-LEV$b50$c20230302$lBLL01$h2130
=CAT  \\$aRESET-LEV$b50$c20230403$lBLL01$h0237
=CAT  \\$aRESET-LEV$b50$c20230502$lBLL01$h0321
=CAT  \\$aRESET-LEV$b50$c20230602$lBLL01$h2222
=CAT  \\$aRESET-LEV$b50$c20230703$lBLL01$h0503
=CAT  \\$aRESET-LEV$b50$c20230802$lBLL01$h0205
=CAT  \\$aRESET-LEV$b50$c20230902$lBLL01$h1732
=CAT  \\$aRESET-LEV$b50$c20231002$lBLL01$h0436
=FIN  \\$aY
=FMT  \\$a  SE
=LAS  \\$aRESET-LEV$b50$c20231002$lBLL01$h0436
=LEO  \\$aMP35.0000100379.2
=LKR  \\$aPAR$lBLL01$r78500$nBirmingham Post - no. 33046- (24 Sept. 1964-)$b013890622$mThe Birmingham Post & Birmingham Gazette. - no. 30639-33045 (3 Nov. 1956-23 Sept. 1964)
=NID  \\$aNID0002236
=SRC  \\$aNPLv17$bbibmp35.20070831.aa
=TCO  \\$aZZZ$c008

