=LDR  03148cas a2200769u  4500
=001  013890756
=003  Uk
=005  20220301150954.0
=008  950421d18631894||||||n|||\\\\0\\\||eng\\
=019  n\$aNLC0000445
=040  \\$aUk$cUk
=082  04$a072.389$222
=130  0\$aWestern Gazette.
=245  10$aWestern Gazette.
=336  \\$atext$2rdacontent
=337  \\$aunmediated$2rdamedia
=338  \\$avolume$2rdacarrier
=500  \\$aIncluding four editions from 2 Jan. 1891 to 30 Dec. 1892.
=500  \\$aContinued as various local editions.
=651  \0$aSomerset (England)$vNewspapers.
=651  \0$aYeovil (England)$vNewspapers.
=752  \\$aEngland$bSomerset$dYeovil.$2blnpn
=852  41$31966$aBritish Library$bNPL$j2881 [1966]
=852  41$31900; Unfit for use$aBritish Library$bNPL$cEW$j1206 [1900]
=852  41$31875$aBritish Library$bNPL$cEW$j275 [1875]
=852  41$aBritish Library$bNPL
=852  41$31892$aBritish Library$bNPL$cEW$jS1533 [1892]
=852  41$31866$aBritish Library$bNPL$cEW$j591 [1866]
=852  41$aBritish Library$bNPL$jNEWS shelfmarks - see explore.bl.uk for full holdings
=852  41$aBritish Library$bHMNTS$zMicroform.$jMFM shelfmarks - see explore.bl.uk for full holdings
=852  41$aBritish Library$bNPL$jPENN shelfmarks - see explore.bl.uk for full holdings
=856  42$31863-1894$uhttp://www.britishnewspaperarchive.co.uk/search/results?TitleId=BL/0000406$yBritish Newspaper Archive
=866  \0$aNewspapers :no. 1-8240 (21 Feb. 1863-10 Aug. 1894)
=CAT  \\$aBATCH-NPL$b00$c20070912$lBLL01$h1126
=CAT  \\$aBATCH-856$b50$c20220207$lBLL01$h0756
=CAT  \\$aBATCH-UPD$b50$c20220207$lBLL01$h0801
=CAT  \\$aBATCH-856$b50$c20220214$lBLL01$h0937
=CAT  \\$aBATCH-UPD$b50$c20220214$lBLL01$h0944
=CAT  \\$aBATCH-856$b50$c20220301$lBLL01$h1509
=CAT  \\$aBATCH-UPD$b50$c20220301$lBLL01$h1515
=CAT  \\$aRESET-LEV$b50$c20220302$lBLL01$h0052
=CAT  \\$aRESET-LEV$b50$c20220402$lBLL01$h1723
=CAT  \\$aRESET-LEV$b50$c20220502$lBLL01$h0238
=CAT  \\$aRESET-LEV$b50$c20220602$lBLL01$h2122
=CAT  \\$aRESET-LEV$b50$c20220702$lBLL01$h1725
=CAT  \\$aRESET-LEV$b50$c20220802$lBLL01$h0350
=CAT  \\$aRESET-LEV$b50$c20220902$lBLL01$h2217
=CAT  \\$aRESET-LEV$b50$c20221003$lBLL01$h0410
=CAT  \\$aRESET-LEV$b50$c20221102$lBLL01$h0229
=CAT  \\$aRESET-LEV$b50$c20221202$lBLL01$h2221
=CAT  \\$aRESET-LEV$b50$c20230102$lBLL01$h0256
=CAT  \\$aRESET-LEV$b50$c20230202$lBLL01$h2123
=CAT  \\$aRESET-LEV$b50$c20230302$lBLL01$h2130
=CAT  \\$aRESET-LEV$b50$c20230403$lBLL01$h0237
=CAT  \\$aRESET-LEV$b50$c20230502$lBLL01$h0321
=CAT  \\$aRESET-LEV$b50$c20230602$lBLL01$h2222
=CAT  \\$aRESET-LEV$b50$c20230703$lBLL01$h0503
=CAT  \\$aRESET-LEV$b50$c20230802$lBLL01$h0205
=CAT  \\$aRESET-LEV$b50$c20230902$lBLL01$h1732
=CAT  \\$aRESET-LEV$b50$c20231002$lBLL01$h0436
=FIN  \\$aY
=FMT  \\$a  SE
=LAS  \\$aRESET-LEV$b50$c20231002$lBLL01$h0436
=LEO  \\$aMP35.0000100431
=NID  \\$aNID0002341
=SRC  \\$aNPLv17$bbibmp35.20070831.aa
=TCO  \\$aZZZ$c008

