=LDR  03322cas a2200769u  4500
=001  013890874
=003  Uk
=005  20220301150954.0
=008  950421d18621919||||||n|||\\\\0\\\|||||\\
=019  n\$aNLC0000495
=040  \\$aUk$cUk
=082  04$a072.817$222
=130  4\$aThe Keighley News.
=245  14$aThe Keighley News.
=336  \\$atext$2rdacontent
=337  \\$aunmediated$2rdamedia
=338  \\$avolume$2rdacarrier
=500  \\$aWanting: 1910, 1912.
=651  \0$aKeighley (England)$vNewspapers.
=651  \0$aWest Yorkshire (England)$vNewspapers.
=752  \\$aEngland$bWest Yorkshire$dKeighley.$2blnpn
=785  00$tKeighley News and Bingley Chronicle$gno.2983-5265 (19 April 1919-12 Jan. 1963)$w013890875
=852  41$31900$aBritish Library$bNPL$cEW$j1246A [1900]
=852  41$31890$aBritish Library$bNPL$j782 [1890]
=852  41$31881-2003$aBritish Library$bNPL
=852  41$aBritish Library$bNPL$jNEWS shelfmarks - see explore.bl.uk for full holdings
=852  41$aBritish Library$bHMNTS$zMicroform.$jMFM shelfmarks - see explore.bl.uk for full holdings
=852  41$aBritish Library$bNPL$jPENN shelfmarks - see explore.bl.uk for full holdings
=852  41$31896$aBritish Library$bNPL$cEW$j491-3 [1896]
=856  42$31855, 1872, 1877, 1879, 1889, 1895, 1898$uhttp://www.britishnewspaperarchive.co.uk/search/results?TitleId=BL/0002011$yBritish Newspaper Archive
=866  \0$aNewspapers :no.1-2982 (5 April 1862-12 April 1919)
=985  \\$aDisaggregated Record: NPL
=CAT  \\$aBATCH-NPL$b00$c20070912$lBLL01$h1126
=CAT  \\$aBATCH-856$b50$c20220207$lBLL01$h0756
=CAT  \\$aBATCH-UPD$b50$c20220207$lBLL01$h0801
=CAT  \\$aBATCH-856$b50$c20220214$lBLL01$h0937
=CAT  \\$aBATCH-UPD$b50$c20220214$lBLL01$h0944
=CAT  \\$aBATCH-856$b50$c20220301$lBLL01$h1509
=CAT  \\$aBATCH-UPD$b50$c20220301$lBLL01$h1515
=CAT  \\$aRESET-LEV$b50$c20220302$lBLL01$h0052
=CAT  \\$aRESET-LEV$b50$c20220402$lBLL01$h1723
=CAT  \\$aRESET-LEV$b50$c20220502$lBLL01$h0238
=CAT  \\$aRESET-LEV$b50$c20220602$lBLL01$h2122
=CAT  \\$aRESET-LEV$b50$c20220702$lBLL01$h1725
=CAT  \\$aRESET-LEV$b50$c20220802$lBLL01$h0350
=CAT  \\$aRESET-LEV$b50$c20220902$lBLL01$h2217
=CAT  \\$aRESET-LEV$b50$c20221003$lBLL01$h0410
=CAT  \\$aRESET-LEV$b50$c20221102$lBLL01$h0230
=CAT  \\$aRESET-LEV$b50$c20221202$lBLL01$h2221
=CAT  \\$aRESET-LEV$b50$c20230102$lBLL01$h0256
=CAT  \\$aRESET-LEV$b50$c20230202$lBLL01$h2123
=CAT  \\$aRESET-LEV$b50$c20230302$lBLL01$h2131
=CAT  \\$aRESET-LEV$b50$c20230403$lBLL01$h0237
=CAT  \\$aRESET-LEV$b50$c20230502$lBLL01$h0321
=CAT  \\$aRESET-LEV$b50$c20230602$lBLL01$h2222
=CAT  \\$aRESET-LEV$b50$c20230703$lBLL01$h0503
=CAT  \\$aRESET-LEV$b50$c20230802$lBLL01$h0205
=CAT  \\$aRESET-LEV$b50$c20230902$lBLL01$h1732
=CAT  \\$aRESET-LEV$b50$c20231002$lBLL01$h0436
=FIN  \\$aY
=FMT  \\$a  SE
=LAS  \\$aRESET-LEV$b50$c20231002$lBLL01$h0436
=LEO  \\$aMP35.0000100481
=LKR  \\$aPAR$lBLL01$r78500$nKeighley News and Bingley Chronicle - no.2983-5265 (19 April 1919-12 Jan. 1963)$b013890875$mThe Keighley News. - no.1-2982 (5 April 1862-12 April 1919)
=NID  \\$aNID0002441
=SRC  \\$aNPLv17$bbibmp35.20070831.aa
=TCO  \\$aZZZ$c008

