=LDR  03851cas a2200817u  4500
=001  013890920
=003  Uk
=005  20220301150955.0
=008  950421d18631946|||mr|n|||\\\\0\\\||eng\\
=019  n\$aNLC0000510
=040  \\$aUk$cUk
=082  04$a072.651$222
=245  04$aThe Peterborough Advertiser and South Midland Times.
=336  \\$atext$2rdacontent
=337  \\$aunmediated$2rdamedia
=338  \\$avolume$2rdacarrier
=500  \\$aWanting Jan.-12 Oct. 1898.
=500  \\$aIssues dated 19 Oct.-end of Dec. 1898 and Jan.-Dec. 1911 are held on microfilm only.
=651  \0$aCambridgeshire (England)$vNewspapers.
=651  \0$aPeterborough (England)$vNewspapers.
=752  \\$aEngland$bCambridgeshire$dPeterborough.$2blnpn
=780  00$tPeterborough Advertiser, South Midland Counties and Lincolnshire News$gno.141-420 (30 Jan. 1858-6 June 1863)$w013890919
=785  00$tPeterborough Citizen & Advertiser$gno.7749, etc. (7 May 1946-18 June 1976)$w013890921
=852  41$31849$aBritish Library$bNPL$cEW$j629 [1849]
=852  41$31879$aBritish Library$bNPL$cEW$j246 [1879]
=852  41$31849$aBritish Library$bNPL$cEW$j629 [1849]
=852  41$31881-2003$aBritish Library$bNPL
=852  41$aBritish Library$bNPL$jNEWS shelfmarks - see explore.bl.uk for full holdings
=852  41$aBritish Library$bHMNTS$zMicroform.$jMFM shelfmarks - see explore.bl.uk for full holdings
=852  41$aBritish Library$bNPL$jPENN shelfmarks - see explore.bl.uk for full holdings
=852  41$31863$aBritish Library$bNPL$cEW$j4797 [1863]
=856  42$31873-1874, 1876-1877, 1880, 1882, 1889, 1898-1902, 1911-1912$uhttp://www.britishnewspaperarchive.co.uk/search/results?TitleId=BL/0001629$yBritish Newspaper Archive
=866  \0$aNewspapers :no.421-7748 (13 June 1863-3 May 1946)
=883  0\$aLanguage codes assigned by Bayesian analysis of words present in record$d20200826$qUk$c0.9919
=985  \\$aDisaggregated Record: NPL
=985  \\$aUpgraded by BSS-generated file for WR2009-0365
=CAT  \\$aBATCH-NPL$b00$c20070912$lBLL01$h1126
=CAT  \\$aBATCH-856$b50$c20220207$lBLL01$h0756
=CAT  \\$aBATCH-UPD$b50$c20220207$lBLL01$h0802
=CAT  \\$aBATCH-856$b50$c20220214$lBLL01$h0937
=CAT  \\$aBATCH-UPD$b50$c20220214$lBLL01$h0944
=CAT  \\$aBATCH-856$b50$c20220301$lBLL01$h1509
=CAT  \\$aBATCH-UPD$b50$c20220301$lBLL01$h1515
=CAT  \\$aRESET-LEV$b50$c20220302$lBLL01$h0052
=CAT  \\$aRESET-LEV$b50$c20220402$lBLL01$h1724
=CAT  \\$aRESET-LEV$b50$c20220502$lBLL01$h0239
=CAT  \\$aRESET-LEV$b50$c20220602$lBLL01$h2122
=CAT  \\$aRESET-LEV$b50$c20220702$lBLL01$h1725
=CAT  \\$aRESET-LEV$b50$c20220802$lBLL01$h0350
=CAT  \\$aRESET-LEV$b50$c20220902$lBLL01$h2217
=CAT  \\$aRESET-LEV$b50$c20221003$lBLL01$h0410
=CAT  \\$aRESET-LEV$b50$c20221102$lBLL01$h0230
=CAT  \\$aRESET-LEV$b50$c20221202$lBLL01$h2221
=CAT  \\$aRESET-LEV$b50$c20230102$lBLL01$h0256
=CAT  \\$aRESET-LEV$b50$c20230202$lBLL01$h2123
=CAT  \\$aRESET-LEV$b50$c20230302$lBLL01$h2131
=CAT  \\$aRESET-LEV$b50$c20230403$lBLL01$h0238
=CAT  \\$aRESET-LEV$b50$c20230502$lBLL01$h0321
=CAT  \\$aRESET-LEV$b50$c20230602$lBLL01$h2222
=CAT  \\$aRESET-LEV$b50$c20230703$lBLL01$h0503
=CAT  \\$aRESET-LEV$b50$c20230802$lBLL01$h0205
=CAT  \\$aRESET-LEV$b50$c20230902$lBLL01$h1732
=CAT  \\$aRESET-LEV$b50$c20231002$lBLL01$h0436
=FIN  \\$aY
=FMT  \\$a  SE
=LAS  \\$aRESET-LEV$b50$c20231002$lBLL01$h0436
=LEO  \\$aMP35.0000100495.3
=LKR  \\$aPAR$lBLL01$r78500$nPeterborough Citizen & Advertiser - no.7749, etc. (7 May 1946-18 June 1976)$b013890921$mThe Peterborough Advertiser and South Midland Times. - no.421-7748 (13 June 1863-3 May 1946)
=NID  \\$aNID0002478
=SRC  \\$aNPLv17$bbibmp35.20070831.aa
=TCO  \\$aZZZ$c008

