=LDR  03393cas a2200757u  4500
=001  013890939
=003  Uk
=005  20220301150955.0
=008  950421d18821946|||wr|n|||\\\\0\\\|||||\\
=019  n\$aNLC0000514
=040  \\$aUk$cUk
=082  04$a072.261$222
=245  04$aThe Sussex & Surrey Courier, etc.
=336  \\$atext$2rdacontent
=337  \\$aunmediated$2rdamedia
=338  \\$avolume$2rdacarrier
=651  \0$aCrawley (West Sussex, England)$vNewspapers.
=651  \0$aWest Sussex (England)$vNewspapers.
=752  \\$aEngland$bWest Sussex$dCrawley.$2blnpn
=780  00$tSimmins's Weekly Advertiser and Sussex & Surrey Courier$gno.56-62 (15 April-27 May 1882)$w013890938
=785  00$tCrawley and District Observer, etc.$gno.3379-5164 (19 July 1946-16 Jan. 1981)$w013890940
=852  41$31897$aBritish Library$bNPL$cEW$j1929 [1897]
=852  41$aBritish Library$bNPL
=852  41$31859; Unfit for use$aBritish Library$bNPL$cEW$jS187 [1859]
=852  41$31832$aBritish Library$bNPL$cEW$j1009C [1831]$xBound with 1831
=852  41$aBritish Library$bNPL$jNEWS shelfmarks - see explore.bl.uk for full holdings
=852  41$aBritish Library$bHMNTS$zMicroform.$jMFM shelfmarks - see explore.bl.uk for full holdings
=852  41$aBritish Library$bNPL$jPENN shelfmarks - see explore.bl.uk for full holdings
=856  42$31939-1946$uhttp://www.britishnewspaperarchive.co.uk/search/results?TitleId=BL/0002168$yBritish Newspaper Archive
=866  \0$aNewspapers :no.63-3378 (3 June 1882-12 July 1946)
=985  \\$aDisaggregated Record: NPL
=CAT  \\$aBATCH-NPL$b00$c20070912$lBLL01$h1126
=CAT  \\$aBATCH-856$b50$c20220207$lBLL01$h0756
=CAT  \\$aBATCH-UPD$b50$c20220207$lBLL01$h0802
=CAT  \\$aBATCH-856$b50$c20220214$lBLL01$h0937
=CAT  \\$aBATCH-UPD$b50$c20220214$lBLL01$h0944
=CAT  \\$aBATCH-856$b50$c20220301$lBLL01$h1509
=CAT  \\$aBATCH-UPD$b50$c20220301$lBLL01$h1515
=CAT  \\$aRESET-LEV$b50$c20220302$lBLL01$h0052
=CAT  \\$aRESET-LEV$b50$c20220402$lBLL01$h1724
=CAT  \\$aRESET-LEV$b50$c20220502$lBLL01$h0239
=CAT  \\$aRESET-LEV$b50$c20220602$lBLL01$h2122
=CAT  \\$aRESET-LEV$b50$c20220702$lBLL01$h1725
=CAT  \\$aRESET-LEV$b50$c20220802$lBLL01$h0350
=CAT  \\$aRESET-LEV$b50$c20220902$lBLL01$h2217
=CAT  \\$aRESET-LEV$b50$c20221003$lBLL01$h0410
=CAT  \\$aRESET-LEV$b50$c20221102$lBLL01$h0230
=CAT  \\$aRESET-LEV$b50$c20221202$lBLL01$h2221
=CAT  \\$aRESET-LEV$b50$c20230102$lBLL01$h0256
=CAT  \\$aRESET-LEV$b50$c20230202$lBLL01$h2123
=CAT  \\$aRESET-LEV$b50$c20230302$lBLL01$h2131
=CAT  \\$aRESET-LEV$b50$c20230403$lBLL01$h0238
=CAT  \\$aRESET-LEV$b50$c20230502$lBLL01$h0321
=CAT  \\$aRESET-LEV$b50$c20230602$lBLL01$h2222
=CAT  \\$aRESET-LEV$b50$c20230703$lBLL01$h0503
=CAT  \\$aRESET-LEV$b50$c20230802$lBLL01$h0205
=CAT  \\$aRESET-LEV$b50$c20230902$lBLL01$h1732
=CAT  \\$aRESET-LEV$b50$c20231002$lBLL01$h0436
=FIN  \\$aY
=FMT  \\$a  SE
=LAS  \\$aRESET-LEV$b50$c20231002$lBLL01$h0436
=LEO  \\$aMP35.0000100499.2
=LKR  \\$aPAR$lBLL01$r78500$nCrawley and District Observer, etc. - no.3379-5164 (19 July 1946-16 Jan. 1981)$b013890940$mThe Sussex & Surrey Courier, etc. - no.63-3378 (3 June 1882-12 July 1946)
=NID  \\$aNID0002494
=SRC  \\$aNPLv17$bbibmp35.20070831.aa
=TCO  \\$aZZZ$c008

