=LDR  11029cas a22019097a 4500
=001  013891242
=003  Uk
=005  20230930111756.0
=008  950421d18701990enkdr\n\\\\\\\0\\\a0eng\\
=019  n\$aNLC0000696
=022  \\$y1470-4269$y2043-0442$y2049-2715
=040  \\$aUk$cUk$dUk
=082  04$a072.8$223
=245  00$aNorthern echo.
=310  \\$aDaily (except Sun.)
=336  \\$atext$2rdacontent
=337  \\$aunmediated$2rdamedia
=338  \\$avolume$2rdacarrier
=362  1\$aBegan with number 1 (January 1, 1870).
=533  \\$aMicrofilm.$bLondon.$cBritish Library.$m1986-June 2014.$e35 mm.
=540  \\$aBritish Library not licensed to copy$c0$5Uk
=651  \0$aDarlington (England)$vNewspapers.
=651  \0$aTeesside (England)$vNewspapers.
=651  \0$aDurham (England : County)$vNewspapers.
=651  \0$aCleveland (England)$vNewspapers.
=651  \0$aNorth Yorkshire (England)$vNewspapers.
=730  0\$aNorthern echo (Darlington & SW Durham ed.)$x1470-4293.$5Uk
=730  0\$aNorthern echo (Teesside ed.)$x1470-4277.$5Uk
=730  0\$aNorthern echo (North ed.)$x1470-4269.$5Uk
=730  0\$aNorthern echo (North Yorkshire ed.)$x1470-4285.$5Uk
=785  06$tNorthern echo$c(Darlington & SW Durham ed.)$x1470-4293
=785  06$tNorthern echo$c(Teesside ed.)$x1470-4277
=785  06$tNorthern echo$c(North ed.)$x1470-4269
=785  06$tNorthern echo$c(North Yorkshire ed.)$x1470-4285
=852  41$31897$aBritish Library$bHMNTS$zJan - Jun$zMicroform.$jMFM.M2545 [1897]
=852  41$31911$aBritish Library$bHMNTS$zMay - Aug$zMicroform.$jMFM.M2743 [1911]
=852  41$31911$aBritish Library$bHMNTS$zMar - Apr$zMicroform.$jMFM.M2017 [1911]
=852  41$31931$aBritish Library$bHMNTS$jMFM.M95095$z1st Jun - 30th Jun 1931$zMicroform
=852  41$31872$aBritish Library$bHMNTS$zMicroform.$jMFM.M596-97
=852  41$31876$aBritish Library$bHMNTS$zMicroform.$jMFM.M37406-8
=852  41$31877$aBritish Library$bHMNTS$zMicroform.$jMFM.M31278-80
=852  41$31879$aBritish Library$bHMNTS$zMicroform.$jMFM.M35618-9
=852  41$31889$aBritish Library$bHMNTS$zMicroform.$jMFM.M17836-37
=852  41$31893$aBritish Library$bHMNTS$zMicroform.$jMFM.M38940-42
=852  41$31912$aBritish Library$bHMNTS$zSep - Dec$zMicroform.$jMFM.M2901-2
=852  41$31951$aBritish Library$bHMNTS$jMFM.M95099$z1st May 1951 - 30th June 1951$zMicroform
=852  41$31870-1985$aBritish Library$bNPL$jNEWS1327
=852  \\$aBritish Library$bNPL
=852  41$31936$aBritish Library$bHMNTS$jMFM.M95097$z2 Mar 1936 - 31 Mar 1936$zMicroform
=852  41$31907$aBritish Library$bHMNTS$jMFM.M95093$z1st Jan- 30th April 1907$zMicroform
=852  41$31951$aBritish Library$bHMNTS$jMFM.M95098$z1st Jan 1951- 30th April 1951$zMicroform
=852  41$31902$aBritish Library$bHMNTS$jMFM.M95092$z1st July - 31st Dec 1902$zMicroform
=852  41$31970$aBritish Library$bHMNTS$jMFM.M95204$zJuly 1970 - Aug 1970$zMicrform
=852  41$31901$aBritish Library$bHMNTS$jMFM.M95091$z1st Jul - 31st Dec 901$zMicroform
=852  41$31931$aBritish Library$bHMNTS$jMFM.M95094$z1st April - 30th May 1931$zMicroform
=852  41$31870$aBritish Library$bHMNTS$zMicroform.$jMFM.M76673-5
=852  41$31873$aBritish Library$bHMNTS$zMicroform.$jMFM.M76676-8
=852  41$31874$aBritish Library$bHMNTS$zMicroform.$jMFM.M76679-82
=852  41$31875$aBritish Library$bHMNTS$zMicroform.$jMFM.M76683-5
=852  41$31878$aBritish Library$bHMNTS$zMicroform.$jMFM.M76686-8
=852  41$31880$aBritish Library$bHMNTS$zMicroform.$jMFM.M76689-91
=852  41$31881$aBritish Library$bHMNTS$zMicroform.$jMFM.M76692-4
=852  41$31882$aBritish Library$bHMNTS$zMicroform.$jMFM.M76695-7
=852  41$31883$aBritish Library$bHMNTS$zMicroform.$jMFM.M76698-700
=852  41$31884$aBritish Library$bHMNTS$zMicroform.$jMFM.M76701-3
=852  41$31885$aBritish Library$bHMNTS$zMicroform.$jMFM.M76704-6
=852  41$31886$aBritish Library$bHMNTS$zMicroform.$jMFM.M76707-9
=852  41$31887$aBritish Library$bHMNTS$zMicroform.$jMFM.M76710-2
=852  41$31888$aBritish Library$bHMNTS$zMicroform.$jMFM.M76713-5
=852  41$31890$aBritish Library$bHMNTS$zMicroform.$jMFM.M76716-8
=852  41$31891$aBritish Library$bHMNTS$zMicroform.$jMFM.M76719-21
=852  41$31892$aBritish Library$bHMNTS$zMicroform.$jMFM.M76722-4
=852  41$31894$aBritish Library$bHMNTS$zMicroform.$jMFM.M76725-7
=852  41$31895$aBritish Library$bHMNTS$zMicroform.$jMFM.M76728-30
=852  41$31896$aBritish Library$bHMNTS$zMicroform.$jMFM.M76731-2
=852  41$31899$aBritish Library$bHMNTS$zMicroform.$jMFM.M76733-4
=852  41$31900$aBritish Library$bHMNTS$zMicroform.$jMFM.M76735-7
=852  41$31926$aBritish Library$bHMNTS$zMicroform.$jMFM.M76738-43
=852  41$31927$aBritish Library$bHMNTS$zMicroform.$jMFM.M76744-54
=852  41$31928$aBritish Library$bHMNTS$zMicroform.$jMFM.M76755-66
=852  41$31983$aBritish Library$bHMNTS$jMFM.M95100$zJune 1983$zMicroform
=852  41$31936$aBritish Library$bHMNTS$jMFM.M95096$zJAN 1936 - Feb 1936$zMicroform
=852  41$31986-2023$aBritish Library$bHMNTS$jMFM.SP145$z- 31 Aug 2023
=856  42$31870, 1873-1897, 1899-1900$uhttp://www.britishnewspaperarchive.co.uk/search/results?TitleId=BL/0000087$yBritish Newspaper Archive
=866  \\$aNewspapers: 1870; 1872-1897; 1899-1910; Mar. 1911-June 2014; This record has holdings for both print and microfilm versions. Print issues are not available for conservation reasons where an alternative format exists.
=985  \\$aVarious editions held. Long running NPL title, this record has both print and microfilm holdings attached.
=ACF  \\$aBritish Library not licensed to copy$c0$e01-jul-2011$hC$iCLA Excluded$5Uk
=ACF  \\$aBritish Library not licensed to copy$c0$e01-apr-2011$hC$iCLA Excluded$5Uk
=ACF  \\$aBritish Library not licensed to copy$c0$e01-jan-2011$hC$iCLA Excluded$5Uk
=ACF  \\$aBritish Library not licensed to copy$c0$e01-oct-2010$hC$iCLA Excluded$5Uk
=ACF  \\$aBritish Library not licensed to copy$c0$e01-jul-2010$hC$iCLA Excluded$5Uk
=ACF  \\$aBritish Library not licensed to copy$c0$e01-apr-2010$hC$iCLA Excluded$5Uk
=ACF  \\$aBritish Library not licensed to copy$c0$e01-oct-2011$hC$iCLA Excluded$5Uk
=ACF  \\$aBritish Library not licensed to copy$c0$e01-jan-2012$hC$iCFP Excluded$5Uk
=ACF  \\$aBritish Library not licensed to copy$c0$e01-apr-2016$hC$iCFP Excluded$5Uk
=ACF  \\$aBritish Library not licensed to copy$c0$e01-jul-2016$hC$iCFP Excluded$5Uk
=ACF  \\$aBritish Library not licensed to copy$c0$e01-oct-2016$hC$iCFP Excluded$5Uk
=ACF  \\$aBritish Library not licensed to copy$c0$e01-jan-2017$hC$iCFP Excluded$5Uk
=ACF  \\$aBritish Library not licensed to copy$c0$e01-apr-2017$hC$iCFP Excluded$5Uk
=ACF  \\$aBritish Library not licensed to copy$c0$e01-jul-2017$hC$iCFP Excluded$5Uk
=ACF  \\$aBritish Library not licensed to copy$c0$e01-oct-2017$hC$iCFP Excluded$5Uk
=ACF  \\$aBritish Library not licensed to copy$c0$e01-jan-2018$hC$iCFP Excluded$5Uk
=ACF  \\$aBritish Library not licensed to copy$c0$e01-apr-2018$hC$iCFP Excluded$5Uk
=ACF  \\$aBritish Library not licensed to copy$c0$e01-jul-2018$hC$iCFP Excluded$5Uk
=ACF  \\$aBritish Library not licensed to copy$c0$e01-oct-2018$hC$iCFP Excluded$5Uk
=ACF  \\$aBritish Library not licensed to copy$c0$e01-jan-2019$hC$iCFP Excluded$5Uk
=ACF  \\$aBritish Library not licensed to copy$c0$e01-apr-2019$hC$iCFP Excluded$5Uk
=ACF  \\$aBritish Library not licensed to copy$c0$e01-jul-2019$hC$iCFP Excluded$5Uk
=ACF  \\$aBritish Library not licensed to copy$c0$e01-oct-2019$hC$iCFP Excluded$5Uk
=ACF  \\$aBritish Library not licensed to copy$c0$e01-jan-2020$hC$iCFP Excluded$5Uk
=ACF  \\$aBritish Library not licensed to copy$c0$e01-apr-2020$hC$iCFP Excluded$5Uk
=ACF  \\$aBritish Library not licensed to copy$c0$e01-jul-2020$hC$iCFP Excluded$5Uk
=ACF  \\$aBritish Library not licensed to copy$c0$e01-oct-2020$hC$iCFP Excluded$5Uk
=ACF  \\$aBritish Library not licensed to copy$c0$e01-jan-2021$hC$iCFP Excluded$5Uk
=ACF  \\$aBritish Library not licensed to copy$c0$e01-apr-2021$hC$iCFP Excluded$5Uk
=ACF  \\$aBritish Library not licensed to copy$c0$e01-jul-2021$hC$iCFP Excluded$5Uk
=ACF  \\$aBritish Library not licensed to copy$c0$e01-oct-2021$hC$iCFP Excluded$5Uk
=ACF  \\$aBritish Library not licensed to copy$c0$e01-jan-2022$hC$iCFP Excluded$5Uk
=ACF  \\$aBritish Library not licensed to copy$c0$e01-apr-2022$hC$iCFP Excluded$5Uk
=ACF  \\$aBritish Library not licensed to copy$c0$e01-jul-2022$hC$iCFP Excluded$5Uk
=ACF  \\$aBritish Library not licensed to copy$c0$e01-oct-2022$hC$iCFP Excluded$5Uk
=ACF  \\$aBritish Library not licensed to copy$c0$e01-jan-2023$hC$iCFP Excluded$5Uk
=ACF  \\$aBritish Library not licensed to copy$c0$e09-feb-2023$hC$iCFP Excluded$5Uk
=ACF  \\$aBritish Library not licensed to copy$c0$e01-apr-2023$hC$iCFP Excluded$5Uk
=CAT  \\$aBATCH-NPL$b00$c20070912$lBLL01$h1126
=CAT  \\$aBATCH-856$b50$c20220131$lBLL01$h1009
=CAT  \\$aBATCH-UPD$b50$c20220131$lBLL01$h1014
=CAT  \\$aBATCH-856$b50$c20220207$lBLL01$h0756
=CAT  \\$aBATCH-UPD$b50$c20220207$lBLL01$h0802
=CAT  \\$aBATCH-856$b50$c20220214$lBLL01$h0937
=CAT  \\$aBATCH-UPD$b50$c20220214$lBLL01$h0945
=CAT  \\$aBATCH-856$b50$c20220301$lBLL01$h1509
=CAT  \\$aBATCH-UPD$b50$c20220301$lBLL01$h1516
=CAT  \\$aBATCH-CLA$b00$c20220304$lBLL01$h1533
=CAT  \\$aIPL-CLA$c20220331$lBLL01$h2247
=CAT  \\$aBATCH-CLA$b00$c20220601$lBLL01$h1545
=CAT  \\$aIPL-CLA$c20220630$lBLL01$h1713
=CAT  \\$aBATCH-CLA$b00$c20220903$lBLL01$h0720
=CAT  \\$aIPL-CLA$c20220930$lBLL01$h1600
=CAT  \\$aBATCH-CLA$b00$c20221130$lBLL01$h1501
=CAT  \\$aBATCH-CLA$b00$c20221130$lBLL01$h1502
=CAT  \\$aIPL-CLA$c20221231$lBLL01$h2144
=CAT  \\$aBATCH-CLA$b00$c20230209$lBLL01$h1548
=CAT  \\$aIPL-CLA$c20230210$lBLL01$h0106
=CAT  \\$aBATCH-CLA$b00$c20230314$lBLL01$h1829
=CAT  \\$aIPL-CLA$c20230331$lBLL01$h1652
=CAT  \\$aBATCH-CLA$b00$c20230531$lBLL01$h1703
=CAT  \\$aIPL-CLA$c20230630$lBLL01$h1728
=CAT  \\$aBATCH-CLA$b00$c20230906$lBLL01$h1740
=CAT  \\$aIPL-CLA$c20230930$lBLL01$h1117
=CFI  0\$aBritish Library not licensed to copy$c0$e01-oct-2023$hC$iCFP Excluded$5Uk
=CFI  2\$aBritish Library not licensed to copy$c0$e01-jul-2023$hC$iCFP Excluded$5Uk
=FIN  \\$aY
=FMT  \\$a  SE
=LAS  \\$aIPL-CLA$b00$c20230930$lBLL01$h1117
=LEO  \\$aMP35.0000100677
=LET  \0$aNorthern echo (South Durham ed.)
=LKR  \\$aPAR$b016765497$lBLL01$nNorthern echo (2014- : Print)$mNorthern echo$r787
=LKR  \\$aPAR$b018759244$lBLL01$nNorthern echo (2014- : Microfilm)$mNorthern echo$r787
=NID  \\$aNID0002724
=SRC  \\$aNPLv17$bbibmp35.20070831.aa
=TCO  \\$aCLA$bCLA$c008

