=LDR  02221cas a22005657a 4500
=001  013891350
=003  Uk
=005  20220301150956.0
=008  950421d19861987enkuu\n\\\\\\\0\\\a0eng\\
=019  n\$aNLC0000764
=040  \\$aUk$cUk$dUk
=082  04$a072.659$222
=245  00$aCambridge town crier.
=336  \\$atext$2rdacontent
=337  \\$aunmediated$2rdamedia
=338  \\$avolume$2rdacarrier
=500  \\$aMicrofilm: 1986 onward.
=651  \0$aCambridge (England)$vNewspapers.
=651  \0$aCambridgeshire (England)$vNewspapers.
=752  \\$aEngland$bCambridgeshire$dCambridge.$2blnpn
=780  00$tTown crier (Cambridge)
=785  00$tTown crier (Cambridge : 1987)
=852  41$aBritish Library$bNPL$3No. 568 (25 Oct. 1986)-no. 620 (24 Oct. 1987)***Print issues are not available for conservation reasons where an alternative format exists
=852  41$31986-1987$aBritish Library$bHMNTS$zMicroform.$jMFM.SP737
=856  42$31986$uhttp://www.britishnewspaperarchive.co.uk/search/results?TitleId=BL/0003640$yBritish Newspaper Archive
=CAT  \\$aBATCH-NPL$b00$c20070912$lBLL01$h1126
=CAT  \\$aBATCH-LINK$b00$c20070915$lBLL01$h0502
=CAT  \\$aBATCH-LINK$b00$c20070915$lBLL01$h0509
=CAT  \\$aBATCH-LINK$b00$c20070915$lBLL01$h0519
=CAT  \\$aBATCH$b00$c20070916$lBLL01$h1739
=CAT  \\$aB-BSS-DEL$b00$c20080331$lBLL01$h1537
=CAT  \\$a10932$b40$c20110401$lBLL01$h0906
=CAT  \\$a10932$b40$c20110401$lBLL01$h0912
=CAT  \\$a10932$b40$c20110401$lBLL01$h0924
=CAT  \\$aNPL-008-N$c20110504$lBLL01$h2205
=CAT  \\$aADD-NID$b00$c20110805$lBLL01$h1426
=CAT  \\$aWR11_021$c20111124$lBLL01$h1523
=CAT  \\$aWR11_021$c20111124$lBLL01$h1531
=CAT  \\$aNPL-LOCK$b77$c20140207$lBLL01$h2153
=CAT  \\$aNPL-UNLOCK$b00$c20140216$lBLL01$h0848
=CAT  \\$aBATCH-856$b50$c20220301$lBLL01$h1509
=CAT  \\$aBATCH-UPD$b50$c20220301$lBLL01$h1516
=FIN  \\$aY
=FMT  \\$a  SE
=LAS  \\$aBATCH-UPD$b50$c20220301$lBLL01$h1516
=LEO  \\$aMP35.0000100744.1
=LKR  \\$aPAR$b013891349$lBLL01$r78000$mCambridge town crier$nTown crier (Cambridge)
=NID  \\$aNID0002807
=SRC  \\$aNPLv17$bbibmp35.20070831.aa
=TCO  \\$aCLA$bCLA$c008

