=LDR  03697cas a2200805u  4500
=001  013891490
=003  Uk
=005  20220301150956.0
=008  950421d18661887||||||n|||\\\\0\\\||eng\\
=019  n\$aNLC0000847
=040  \\$aUk$cUk
=082  04$a072.176$222
=130  4\$aThe Stratford Express, East London and South Essex Advertiser, etc.
=245  14$aThe Stratford Express, East London and South Essex Advertiser, etc.
=336  \\$atext$2rdacontent
=337  \\$aunmediated$2rdamedia
=338  \\$avolume$2rdacarrier
=651  \0$aNewham (London, England)$vNewspapers.
=752  \\$aEngland$dLondon$fNewham.$2blnpn
=785  00$tBorough of West Ham, and Stratford Express, etc.$gno. 1331-1733 (12 Jan. 1887-29 Sept. 1894)$w013891491
=852  \\$aBritish Library$bNPL
=852  41$31784$aBritish Library$bNPL$cEW$jP28
=852  41$31867$aBritish Library$bNPL$cEW$j734 [1867]
=852  41$aBritish Library$bHMNTS$j1888.c.12(45)
=852  41$aBritish Library$bHMNTS$jBurney.Add.90
=852  41$aBritish Library$bHMNTS$jBurney.Add.135.(28)
=852  41$31871$aBritish Library$bNPL$cEW$j450 [1871]
=852  41$aBritish Library$bNPL$jNEWS shelfmarks - see explore.bl.uk for full holdings
=852  41$aBritish Library$bHMNTS$zMicroform.$jMFM shelfmarks - see explore.bl.uk for full holdings
=852  41$aBritish Library$bNPL$jPENN shelfmarks - see explore.bl.uk for full holdings
=856  42$31872, 1877$uhttp://www.britishnewspaperarchive.co.uk/search/results?TitleId=BL/0003290$yBritish Newspaper Archive
=866  \0$aNewspapers :no. 273-1330 (20 Oct. 1866-8 Jan. 1887)
=883  0\$aLanguage codes assigned by Bayesian analysis of words present in record$d20200826$qUk$c0.9919
=985  \\$aDisaggregated Record: NPL
=985  \\$aUpgraded by BSS-generated file for WR2009-0365
=CAT  \\$aBATCH-NPL$b00$c20070912$lBLL01$h1126
=CAT  \\$aBATCH-856$b50$c20220207$lBLL01$h0756
=CAT  \\$aBATCH-UPD$b50$c20220207$lBLL01$h0802
=CAT  \\$aBATCH-856$b50$c20220214$lBLL01$h0937
=CAT  \\$aBATCH-UPD$b50$c20220214$lBLL01$h0946
=CAT  \\$aBATCH-856$b50$c20220301$lBLL01$h1509
=CAT  \\$aBATCH-UPD$b50$c20220301$lBLL01$h1516
=CAT  \\$aRESET-LEV$b50$c20220302$lBLL01$h0052
=CAT  \\$aRESET-LEV$b50$c20220402$lBLL01$h1724
=CAT  \\$aRESET-LEV$b50$c20220502$lBLL01$h0239
=CAT  \\$aRESET-LEV$b50$c20220602$lBLL01$h2122
=CAT  \\$aRESET-LEV$b50$c20220702$lBLL01$h1726
=CAT  \\$aRESET-LEV$b50$c20220802$lBLL01$h0350
=CAT  \\$aRESET-LEV$b50$c20220902$lBLL01$h2218
=CAT  \\$aRESET-LEV$b50$c20221003$lBLL01$h0411
=CAT  \\$aRESET-LEV$b50$c20221102$lBLL01$h0230
=CAT  \\$aRESET-LEV$b50$c20221202$lBLL01$h2221
=CAT  \\$aRESET-LEV$b50$c20230102$lBLL01$h0256
=CAT  \\$aRESET-LEV$b50$c20230202$lBLL01$h2123
=CAT  \\$aRESET-LEV$b50$c20230302$lBLL01$h2131
=CAT  \\$aRESET-LEV$b50$c20230403$lBLL01$h0238
=CAT  \\$aRESET-LEV$b50$c20230502$lBLL01$h0321
=CAT  \\$aRESET-LEV$b50$c20230602$lBLL01$h2222
=CAT  \\$aRESET-LEV$b50$c20230703$lBLL01$h0504
=CAT  \\$aRESET-LEV$b50$c20230802$lBLL01$h0205
=CAT  \\$aRESET-LEV$b50$c20230902$lBLL01$h1733
=CAT  \\$aRESET-LEV$b50$c20231002$lBLL01$h0437
=FIN  \\$aY
=FMT  \\$a  SE
=LAS  \\$aRESET-LEV$b50$c20231002$lBLL01$h0437
=LEO  \\$aMP35.0000100825
=LKR  \\$aPAR$lBLL01$r78500$nBorough of West Ham, and Stratford Express, etc. - no. 1331-1733 (12 Jan. 1887-29 Sept. 1894)$b013891491$mThe Stratford Express, East London and South Essex Advertiser, etc. - no. 273-1330 (20 Oct. 1866-8 Jan. 1887)
=NID  \\$aNID0002920
=SRC  \\$aNPLv17$bbibmp35.20070831.aa
=TCO  \\$aZZZ$c008

