=LDR  03526cas a2200781u  4500
=001  013891551
=003  Uk
=005  20220301150956.0
=008  950421d18621979||||||n|||\\\\0\\\||eng\\
=019  n\$aNLC0000877
=040  \\$aUk$cUk
=082  04$a072.583$222
=245  04$aThe Herts and Essex Observer, etc.
=336  \\$atext$2rdacontent
=337  \\$aunmediated$2rdamedia
=338  \\$avolume$2rdacarrier
=500  \\$aWanting 1872, 1897.
=651  \0$aBishop's Stortford (England)$vNewspapers.
=651  \0$aHertfordshire (England)$vNewspapers.
=752  \\$aEngland$bHertfordshire$dBishop's Stortford.$2blnpn
=780  00$tBishop Stortford Observer, etc.$gno.5-65 (4 May 1861-28 June 1862)$w013891550
=785  00$tBishop's Stortford Observer$gno.6165-6308 (7 June 1979-25 Feb. 1982)$w013891552
=852  41$31924$aBritish Library$bNPL
=852  41$31862$aBritish Library$bNPL$cEW$j1377 [1862]
=852  41$aBritish Library$bNPL$jNEWS shelfmarks - see explore.bl.uk for full holdings
=852  41$aBritish Library$bHMNTS$zMicroform.$jMFM shelfmarks - see explore.bl.uk for full holdings
=852  41$aBritish Library$bNPL$jPENN shelfmarks - see explore.bl.uk for full holdings
=852  41$31879$aBritish Library$bNPL$cEW$j246 [1879]
=856  42$31862-1863, 1874-1875, 1877-1889, 1921, 1930-1979$uhttp://www.britishnewspaperarchive.co.uk/search/results?TitleId=BL/0003122$yBritish Newspaper Archive
=866  \0$aNewspapers :no.66-6164 (5 July 1862-31 May 1979)
=883  0\$aLanguage codes assigned by Bayesian analysis of words present in record$d20200826$qUk$c0.9919
=985  \\$aDisaggregated Record: NPL
=985  \\$aUpgraded by BSS-generated file for WR2009-0365
=CAT  \\$aBATCH-NPL$b00$c20070912$lBLL01$h1126
=CAT  \\$aBATCH-856$b50$c20220207$lBLL01$h0756
=CAT  \\$aBATCH-UPD$b50$c20220207$lBLL01$h0802
=CAT  \\$aBATCH-856$b50$c20220214$lBLL01$h0937
=CAT  \\$aBATCH-UPD$b50$c20220214$lBLL01$h0946
=CAT  \\$aBATCH-856$b50$c20220301$lBLL01$h1509
=CAT  \\$aBATCH-UPD$b50$c20220301$lBLL01$h1516
=CAT  \\$aRESET-LEV$b50$c20220302$lBLL01$h0052
=CAT  \\$aRESET-LEV$b50$c20220402$lBLL01$h1724
=CAT  \\$aRESET-LEV$b50$c20220502$lBLL01$h0239
=CAT  \\$aRESET-LEV$b50$c20220602$lBLL01$h2122
=CAT  \\$aRESET-LEV$b50$c20220702$lBLL01$h1726
=CAT  \\$aRESET-LEV$b50$c20220802$lBLL01$h0350
=CAT  \\$aRESET-LEV$b50$c20220902$lBLL01$h2218
=CAT  \\$aRESET-LEV$b50$c20221003$lBLL01$h0411
=CAT  \\$aRESET-LEV$b50$c20221102$lBLL01$h0230
=CAT  \\$aRESET-LEV$b50$c20221202$lBLL01$h2221
=CAT  \\$aRESET-LEV$b50$c20230102$lBLL01$h0256
=CAT  \\$aRESET-LEV$b50$c20230202$lBLL01$h2123
=CAT  \\$aRESET-LEV$b50$c20230302$lBLL01$h2131
=CAT  \\$aRESET-LEV$b50$c20230403$lBLL01$h0238
=CAT  \\$aRESET-LEV$b50$c20230502$lBLL01$h0321
=CAT  \\$aRESET-LEV$b50$c20230602$lBLL01$h2222
=CAT  \\$aRESET-LEV$b50$c20230703$lBLL01$h0504
=CAT  \\$aRESET-LEV$b50$c20230802$lBLL01$h0205
=CAT  \\$aRESET-LEV$b50$c20230902$lBLL01$h1733
=CAT  \\$aRESET-LEV$b50$c20231002$lBLL01$h0437
=FIN  \\$aY
=FMT  \\$a  SE
=LAS  \\$aRESET-LEV$b50$c20231002$lBLL01$h0437
=LEO  \\$aMP35.0000100854.1
=LKR  \\$aPAR$lBLL01$r78500$nBishop's Stortford Observer - no.6165-6308 (7 June 1979-25 Feb. 1982)$b013891552$mThe Herts and Essex Observer, etc. - no.66-6164 (5 July 1862-31 May 1979)
=NID  \\$aNID0002967
=SRC  \\$aNPLv17$bbibmp35.20070831.aa
=TCO  \\$aZZZ$c008

