=LDR  04698cas a2200769u  4500
=001  013891704
=003  Uk
=005  20220301150957.0
=008  950421d17501769|||wr|n|||\\\\0\\\|||||\\
=019  n\$aNLC0000930
=040  \\$aUk$cUk
=082  04$a072.319$222
=245  04$aThe Salisbury Journal.
=336  \\$atext$2rdacontent
=337  \\$aunmediated$2rdamedia
=338  \\$avolume$2rdacarrier
=500  \\$aOriginal holdings and microfilm of original holdings at the Newspaper Library. See separate entries for holdings of microfilm taken from originals in other collections.
=500  \\$a1750-54, 1780, 1781, 1799, 1801, 1802 imperfect.
=500  \\$aIssues for 1744, 1745 and 1796 are in the Burney Collection of Early English Newspapers (Microfilm)
=651  \0$aSalisbury (England)$vNewspapers.
=651  \0$aWiltshire (England)$vNewspapers.
=752  \\$aEngland$bWiltshire$dSalisbury.$2blnpn
=780  00$tSalisbury Journal, or Weekly Advertiser$gno.417-464, 633-647 (14 Jan. 1745-8 Dec. 1746; 26 Feb.-4 June 1750)$w013891703
=785  00$tSalisbury and Winchester Journal$g6 Feb.-30 Oct. 1775; 15 April 1776; 21, 28 July 1777; 12 Oct. 1778; 3 Jan. 1780-30 Dec. 1782; 16 Jan., 13, 27 March, 24 April, 14 Aug., 18, 25 Sept., 9 Oct.-20 Nov., 4 Dec. 1786; 1-29 Oct. 1787; 7 Jan. 1788-28 Dec. 1789; 7 Jan.-30 Dec. 1799; 5 Jan. 1801-30 Dec. 1805; 5 Jan. 1807; 28 Dec. 1812; 3 Jan. 1814-25 Dec. 1815; 6 Jan. 1817-22 Aug. 1968$w013943766
=852  \\$aBritish Library$bNPL
=852  41$31784$aBritish Library$bNPL$cEW$jP28
=852  41$aBritish Library$bNPL$jNEWS shelfmarks - see explore.bl.uk for full holdings
=852  41$aBritish Library$bHMNTS$zMicroform.$jMFM shelfmarks - see explore.bl.uk for full holdings
=852  41$aBritish Library$bNPL$jPENN shelfmarks - see explore.bl.uk for full holdings
=856  42$31751-1752, 1762-1763, 1765-1769, 1772-1773, 1780-1782, 1784$uhttp://www.britishnewspaperarchive.co.uk/search/results?TitleId=BL/0000554$yBritish Newspaper Archive
=866  \0$aNewspapers :no.647(bis)-684, 691, 694, 701-771, 775-782, 788-829, 872, 877, 879, 1183, 1194, 1598 (11 June 1750-25 Feb. 1751; 15 April, 6 May, 24 June 1751-4 Dec. 1752; 1 Jan.-19 Feb., 2 April 1753-25 March 1754; 20 Jan., 24 Feb., 10 March 1755; 5 Jan., 23 March 1761; 2 Jan 1769)
=985  \\$aDisaggregated Record: NPL
=CAT  \\$aBATCH-NPL$b00$c20070912$lBLL01$h1127
=CAT  \\$aBATCH-856$b50$c20220207$lBLL01$h0756
=CAT  \\$aBATCH-UPD$b50$c20220207$lBLL01$h0803
=CAT  \\$aBATCH-856$b50$c20220214$lBLL01$h0937
=CAT  \\$aBATCH-UPD$b50$c20220214$lBLL01$h0946
=CAT  \\$aBATCH-856$b50$c20220301$lBLL01$h1509
=CAT  \\$aBATCH-UPD$b50$c20220301$lBLL01$h1516
=CAT  \\$aRESET-LEV$b50$c20220302$lBLL01$h0053
=CAT  \\$aRESET-LEV$b50$c20220402$lBLL01$h1724
=CAT  \\$aRESET-LEV$b50$c20220502$lBLL01$h0239
=CAT  \\$aRESET-LEV$b50$c20220602$lBLL01$h2123
=CAT  \\$aRESET-LEV$b50$c20220702$lBLL01$h1726
=CAT  \\$aRESET-LEV$b50$c20220802$lBLL01$h0350
=CAT  \\$aRESET-LEV$b50$c20220902$lBLL01$h2218
=CAT  \\$aRESET-LEV$b50$c20221003$lBLL01$h0411
=CAT  \\$aRESET-LEV$b50$c20221102$lBLL01$h0230
=CAT  \\$aRESET-LEV$b50$c20221202$lBLL01$h2222
=CAT  \\$aRESET-LEV$b50$c20230102$lBLL01$h0256
=CAT  \\$aRESET-LEV$b50$c20230202$lBLL01$h2123
=CAT  \\$aRESET-LEV$b50$c20230302$lBLL01$h2131
=CAT  \\$aRESET-LEV$b50$c20230403$lBLL01$h0238
=CAT  \\$aRESET-LEV$b50$c20230502$lBLL01$h0321
=CAT  \\$aRESET-LEV$b50$c20230602$lBLL01$h2223
=CAT  \\$aRESET-LEV$b50$c20230703$lBLL01$h0504
=CAT  \\$aRESET-LEV$b50$c20230802$lBLL01$h0206
=CAT  \\$aRESET-LEV$b50$c20230902$lBLL01$h1733
=CAT  \\$aRESET-LEV$b50$c20231002$lBLL01$h0437
=FIN  \\$aY
=FMT  \\$a  SE
=LAS  \\$aRESET-LEV$b50$c20231002$lBLL01$h0437
=LEO  \\$aMP35.0000100907.1
=LKR  \\$aPAR$lBLL01$r78500$nSalisbury and Winchester Journal -6 Feb.-30 Oct. 1775; 15 April 1776; 21, 28 July 1777; 12 Oct. 1778; 3 Jan. 1780-30 Dec. 1782; 16 Jan., 13, 27 March, 24 April, 14 Aug., 18, 25 Sept., 9 Oct.-20 Nov., 4 Dec. 1786; 1-29 Oct. 1787; 7 Jan. 1788-28 Dec. 1789; 7 Jan.-30 Dec. 1799; 5 Jan. 1801-30 Dec. 1805; 5 Jan. 1807; 28 Dec. 1812; 3 Jan. 1814-25 Dec. 1815; 6 Jan. 1817-22 Aug. 1968$b013943766$mThe Salisbury Journal. - no.647(bis)-684, 691, 694, 701-771, 775-782, 788-829, 872, 877, 879, 1183, 1194, 1598 (11 June 1750-25 Feb. 1751; 15 April, 6 May, 24 June 1751-4 Dec. 1752; 1 Jan.-19 Feb., 2 April 1753-25 March 1754; 20 Jan., 24 Feb., 10 March 1755; 5 Jan., 23 March 1761; 2 Jan 1769)
=NID  \\$aNID0003092
=SRC  \\$aNPLv17$bbibmp35.20070831.aa
=TCO  \\$aZZZ$c008

