=LDR  03093cas a2200709u  4500
=001  013891990
=003  Uk
=005  20220301150957.0
=008  950421d18391996||||||n|||\\\\0\\\||eng\\
=019  n\$aNLC0001071
=040  \\$aUk$cUk
=082  04$a072.9122$222
=245  00$aForres Elgin and Nairn Gazette, Northern Review and Advertiser.
=336  \\$atext$2rdacontent
=337  \\$aunmediated$2rdamedia
=338  \\$avolume$2rdacarrier
=500  \\$aMicrofilm: 1981 onward.
=651  \0$aForres (Scotland)$vNewspapers.
=651  \0$aMoray (Scotland)$vNewspapers.
=752  \\$aScotland$bGrampian$dForres.$2blnpn
=785  00$tForres Gazette$gno.7746- (9 Oct.1996-)$w013891991
=852  41$aBritish Library$bNPL$jNEWS shelfmarks - see explore.bl.uk for full holdings
=852  41$aBritish Library$bHMNTS$zMicroform.$jMFM shelfmarks - see explore.bl.uk for full holdings
=852  41$31924$aBritish Library$bNPL
=856  42$31844-1915$uhttp://www.britishnewspaperarchive.co.uk/search/results?TitleId=BL/0002172$yBritish Newspaper Archive
=866  \0$aNewspapers :vol. 3. no. 29; vol. 7. no. 80-vol.146.no.7745 (6 Nov. 1839; 5 Jan. 1844-2 Oct.1996)
=985  \\$aUpgraded by BSS-generated file for WR1910-0531
=CAT  \\$aBATCH-NPL$b00$c20070912$lBLL01$h1127
=CAT  \\$aBATCH-856$b50$c20220207$lBLL01$h0756
=CAT  \\$aBATCH-UPD$b50$c20220207$lBLL01$h0803
=CAT  \\$aBATCH-856$b50$c20220214$lBLL01$h0937
=CAT  \\$aBATCH-UPD$b50$c20220214$lBLL01$h0946
=CAT  \\$aBATCH-856$b50$c20220301$lBLL01$h1509
=CAT  \\$aBATCH-UPD$b50$c20220301$lBLL01$h1517
=CAT  \\$aRESET-LEV$b50$c20220302$lBLL01$h0053
=CAT  \\$aRESET-LEV$b50$c20220402$lBLL01$h1724
=CAT  \\$aRESET-LEV$b50$c20220502$lBLL01$h0239
=CAT  \\$aRESET-LEV$b50$c20220602$lBLL01$h2123
=CAT  \\$aRESET-LEV$b50$c20220702$lBLL01$h1726
=CAT  \\$aRESET-LEV$b50$c20220802$lBLL01$h0350
=CAT  \\$aRESET-LEV$b50$c20220902$lBLL01$h2218
=CAT  \\$aRESET-LEV$b50$c20221003$lBLL01$h0411
=CAT  \\$aRESET-LEV$b50$c20221102$lBLL01$h0230
=CAT  \\$aRESET-LEV$b50$c20221202$lBLL01$h2222
=CAT  \\$aRESET-LEV$b50$c20230102$lBLL01$h0256
=CAT  \\$aRESET-LEV$b50$c20230202$lBLL01$h2124
=CAT  \\$aRESET-LEV$b50$c20230302$lBLL01$h2131
=CAT  \\$aRESET-LEV$b50$c20230403$lBLL01$h0238
=CAT  \\$aRESET-LEV$b50$c20230502$lBLL01$h0321
=CAT  \\$aRESET-LEV$b50$c20230602$lBLL01$h2223
=CAT  \\$aRESET-LEV$b50$c20230703$lBLL01$h0504
=CAT  \\$aRESET-LEV$b50$c20230802$lBLL01$h0206
=CAT  \\$aRESET-LEV$b50$c20230902$lBLL01$h1733
=CAT  \\$aRESET-LEV$b50$c20231002$lBLL01$h0437
=FIN  \\$aY
=FMT  \\$a  SE
=LAS  \\$aRESET-LEV$b50$c20231002$lBLL01$h0437
=LEO  \\$aMP35.0000101044
=LKR  \\$aPAR$lBLL01$r78500$nForres Gazette - no.7746- (9 Oct.1996-)$b013891991$mForres Elgin and Nairn Gazette, Northern Review and Advertiser. - vol. 3. no. 29; vol. 7. no. 80-vol.146.no.7745 (6 Nov. 1839; 5 Jan. 1844-2 Oct.1996)
=NID  \\$aNID0003327
=SRC  \\$aNPLv17$bbibmp35.20070831.aa
=TCO  \\$aZZZ$c008

