=LDR  03140cas a2200709u  4500
=001  013892126
=003  Uk
=005  20220301150958.0
=008  950421d18691899||||||n|||\\\\0\\\||eng\\
=019  n\$aNLC0001137
=040  \\$aUk$cUk
=082  04$a072.132$222
=245  04$aThe Borough of Marylebone Mercury.
=336  \\$atext$2rdacontent
=337  \\$aunmediated$2rdamedia
=338  \\$avolume$2rdacarrier
=651  \0$aWestminster (London, England)$vNewspapers.
=752  \\$aEngland$dLondon$fWestminster.$2blnpn
=780  00$tMarylebone Mercury$gno. 1-641 (22 Aug. 1857-27 Nov. 1869)$w013892125
=785  00$tMarylebone Mercury and West London Gazette$gno. 2181-4225 (23 Sept. 1899-26 Nov. 1938)$w013892127
=852  41$31863; Unfit for use$aBritish Library$bNPL$cLON$jLD12$xWith Sporting Life
=852  41$aBritish Library$bNPL
=852  41$aBritish Library$bNPL$jNEWS shelfmarks - see explore.bl.uk for full holdings
=852  41$aBritish Library$bHMNTS$zMicroform.$jMFM shelfmarks - see explore.bl.uk for full holdings
=856  42$31869-1899$uhttp://www.britishnewspaperarchive.co.uk/search/results?TitleId=BL/0000956$yBritish Newspaper Archive
=866  \0$aNewspapers :no. 642-2180 (4 Dec. 1869-16 Sept. 1899)
=985  \\$aUpgraded by BSS-generated file for WR1910-0531
=CAT  \\$aBATCH-NPL$b00$c20070912$lBLL01$h1127
=CAT  \\$aBATCH-856$b50$c20220207$lBLL01$h0756
=CAT  \\$aBATCH-UPD$b50$c20220207$lBLL01$h0803
=CAT  \\$aBATCH-856$b50$c20220214$lBLL01$h0937
=CAT  \\$aBATCH-UPD$b50$c20220214$lBLL01$h0947
=CAT  \\$aBATCH-856$b50$c20220301$lBLL01$h1509
=CAT  \\$aBATCH-UPD$b50$c20220301$lBLL01$h1517
=CAT  \\$aRESET-LEV$b50$c20220302$lBLL01$h0053
=CAT  \\$aRESET-LEV$b50$c20220402$lBLL01$h1724
=CAT  \\$aRESET-LEV$b50$c20220502$lBLL01$h0239
=CAT  \\$aRESET-LEV$b50$c20220602$lBLL01$h2123
=CAT  \\$aRESET-LEV$b50$c20220702$lBLL01$h1726
=CAT  \\$aRESET-LEV$b50$c20220802$lBLL01$h0350
=CAT  \\$aRESET-LEV$b50$c20220902$lBLL01$h2218
=CAT  \\$aRESET-LEV$b50$c20221003$lBLL01$h0411
=CAT  \\$aRESET-LEV$b50$c20221102$lBLL01$h0230
=CAT  \\$aRESET-LEV$b50$c20221202$lBLL01$h2222
=CAT  \\$aRESET-LEV$b50$c20230102$lBLL01$h0256
=CAT  \\$aRESET-LEV$b50$c20230202$lBLL01$h2124
=CAT  \\$aRESET-LEV$b50$c20230302$lBLL01$h2131
=CAT  \\$aRESET-LEV$b50$c20230403$lBLL01$h0238
=CAT  \\$aRESET-LEV$b50$c20230502$lBLL01$h0321
=CAT  \\$aRESET-LEV$b50$c20230602$lBLL01$h2223
=CAT  \\$aRESET-LEV$b50$c20230703$lBLL01$h0504
=CAT  \\$aRESET-LEV$b50$c20230802$lBLL01$h0206
=CAT  \\$aRESET-LEV$b50$c20230902$lBLL01$h1733
=CAT  \\$aRESET-LEV$b50$c20231002$lBLL01$h0437
=FIN  \\$aY
=FMT  \\$a  SE
=LAS  \\$aRESET-LEV$b50$c20231002$lBLL01$h0437
=LEO  \\$aMP35.0000101110.1
=LKR  \\$aPAR$lBLL01$r78500$nMarylebone Mercury and West London Gazette - no. 2181-4225 (23 Sept. 1899-26 Nov. 1938)$b013892127$mThe Borough of Marylebone Mercury. - no. 642-2180 (4 Dec. 1869-16 Sept. 1899)
=NID  \\$aNID0003438
=SRC  \\$aNPLv17$bbibmp35.20070831.aa
=TCO  \\$aZZZ$c008

