=LDR  03352cas a2200769u  4500
=001  013892137
=003  Uk
=005  20220301150958.0
=008  950421d18771931||||||n|||\\\\0\\\|||||\\
=019  n\$aNLC0001141
=040  \\$aUk$cUk
=082  04$a072.827$222
=130  4\$aThe Mexborough & Swinton Times.
=245  14$aThe Mexborough & Swinton Times.
=336  \\$atext$2rdacontent
=337  \\$aunmediated$2rdamedia
=338  \\$avolume$2rdacarrier
=500  \\$aWanting 1895, 1898.
=651  \0$aMexborough (England)$vNewspapers.
=651  \0$aSouth Yorkshire (England)$vNewspapers.
=752  \\$aEngland$bSouth Yorkshire$dMexborough.$2blnpn
=785  00$tSouth Yorkshire Times and Mexborough & Swinton Times$gno. 3372, etc. (2 Oct. 1931-27 March 1965)$w013892138
=852  41$31877$aBritish Library$bNPL$cEW$j376 [1877]
=852  41$aBritish Library$bNPL
=852  41$31859; Unfit for use$aBritish Library$bNPL$cEW$jS187 [1859]
=852  41$31880$aBritish Library$bNPL$cEW$j556 [1880]
=852  41$31890$aBritish Library$bNPL$j782 [1890]
=852  41$aBritish Library$bNPL$jNEWS shelfmarks - see explore.bl.uk for full holdings
=852  41$aBritish Library$bHMNTS$zMicroform.$jMFM shelfmarks - see explore.bl.uk for full holdings
=856  42$31877-1897, 1899-1931$uhttp://www.britishnewspaperarchive.co.uk/search/results?TitleId=BL/0002837$yBritish Newspaper Archive
=866  \0$aNewspapers :no. 1-3371 (20 July 1877-25 Sept. 1931)
=985  \\$aDisaggregated Record: NPL
=CAT  \\$aBATCH-NPL$b00$c20070912$lBLL01$h1127
=CAT  \\$aBATCH-856$b50$c20220207$lBLL01$h0756
=CAT  \\$aBATCH-UPD$b50$c20220207$lBLL01$h0803
=CAT  \\$aBATCH-856$b50$c20220214$lBLL01$h0937
=CAT  \\$aBATCH-UPD$b50$c20220214$lBLL01$h0947
=CAT  \\$aBATCH-856$b50$c20220301$lBLL01$h1509
=CAT  \\$aBATCH-UPD$b50$c20220301$lBLL01$h1517
=CAT  \\$aRESET-LEV$b50$c20220302$lBLL01$h0053
=CAT  \\$aRESET-LEV$b50$c20220402$lBLL01$h1724
=CAT  \\$aRESET-LEV$b50$c20220502$lBLL01$h0239
=CAT  \\$aRESET-LEV$b50$c20220602$lBLL01$h2123
=CAT  \\$aRESET-LEV$b50$c20220702$lBLL01$h1726
=CAT  \\$aRESET-LEV$b50$c20220802$lBLL01$h0350
=CAT  \\$aRESET-LEV$b50$c20220902$lBLL01$h2218
=CAT  \\$aRESET-LEV$b50$c20221003$lBLL01$h0411
=CAT  \\$aRESET-LEV$b50$c20221102$lBLL01$h0230
=CAT  \\$aRESET-LEV$b50$c20221202$lBLL01$h2222
=CAT  \\$aRESET-LEV$b50$c20230102$lBLL01$h0256
=CAT  \\$aRESET-LEV$b50$c20230202$lBLL01$h2124
=CAT  \\$aRESET-LEV$b50$c20230302$lBLL01$h2131
=CAT  \\$aRESET-LEV$b50$c20230403$lBLL01$h0238
=CAT  \\$aRESET-LEV$b50$c20230502$lBLL01$h0321
=CAT  \\$aRESET-LEV$b50$c20230602$lBLL01$h2223
=CAT  \\$aRESET-LEV$b50$c20230703$lBLL01$h0504
=CAT  \\$aRESET-LEV$b50$c20230802$lBLL01$h0206
=CAT  \\$aRESET-LEV$b50$c20230902$lBLL01$h1733
=CAT  \\$aRESET-LEV$b50$c20231002$lBLL01$h0437
=FIN  \\$aY
=FMT  \\$a  SE
=LAS  \\$aRESET-LEV$b50$c20231002$lBLL01$h0437
=LEO  \\$aMP35.0000101114
=LKR  \\$aPAR$lBLL01$r78500$nSouth Yorkshire Times and Mexborough & Swinton Times - no. 3372, etc. (2 Oct. 1931-27 March 1965)$b013892138$mThe Mexborough & Swinton Times. - no. 1-3371 (20 July 1877-25 Sept. 1931)
=NID  \\$aNID0003447
=SRC  \\$aNPLv17$bbibmp35.20070831.aa
=TCO  \\$aZZZ$c008

