=LDR  04968cas a2201021u  4500
=001  013892401
=003  Uk
=005  20220301150958.0
=008  950421d19281959|||dr|n|||\\\\0\\\||eng\\
=019  n\$aNLC0001251
=040  \\$aUk$cUk
=082  04$a072.871$222
=245  00$aSunderland Echo and Shipping Gazette.
=336  \\$atext$2rdacontent
=337  \\$aunmediated$2rdamedia
=338  \\$avolume$2rdacarrier
=651  \0$aSunderland (Tyne and Wear, England)$vNewspapers.
=651  \0$aTyne and Wear (England)$vNewspapers.
=752  \\$aEngland$bTyne and Wear$dSunderland.$2blnpn
=780  00$tSunderland Daily Echo and Shipping Gazette$gno. 1-17218 (22 Dec. 1873-3 Dec. 1928)$w013892400
=785  00$tEcho$gno. 27297-38887 (4 May 1959-22 Feb.1997)$w013892402
=852  41$31873-1928$aBritish Library$bNPL$jNEWS1907
=852  41$31876$aBritish Library$bHMNTS$zMicroform.$jMFM.M34762-4
=852  41$31882$aBritish Library$bHMNTS$zMicroform.$jMFM.M40452-53
=852  41$31889$aBritish Library$bHMNTS$zJul - Dec$zMicroform.$jMFM.M31068-9
=852  41$31895$aBritish Library$bHMNTS$zMicroform.$jMFM.M39206-08
=852  41$31911$aBritish Library$bHMNTS$zMay - Dec$zMicroform.$jMFM.M493-5
=852  41$31912$aBritish Library$bHMNTS$zMicroform.$jMFM.M48107-09
=852  41$31913$aBritish Library$bHMNTS$zMicroform.$jMFM.M48110-13
=852  41$31914$aBritish Library$bHMNTS$zMicroform.$jMFM.M48114-17
=852  41$31915$aBritish Library$bHMNTS$zMicroform.$jMFM.M48118-20
=852  41$31916$aBritish Library$bHMNTS$zMicroform.$jMFM.M48121-23
=852  41$31917$aBritish Library$bHMNTS$zMicroform.$jMFM.M48124-26
=852  41$31919$aBritish Library$bHMNTS$zMicroform.$jMFM.M48129-32
=852  41$31877$aBritish Library$bHMNTS$zJan - Jun$zMicroform.$jMFM.M23012 [1877]
=852  41$31877$aBritish Library$bHMNTS$zJul - Dec$zMicroform.$jMFM.M22761 [1877]
=852  41$31889$aBritish Library$bHMNTS$zJan - Jun$zMicroform.$jMFM.M18181 [1889]
=852  41$31898$aBritish Library$bHMNTS$zJan - Jun$zMicroform.$jMFM.M2405 [1898]
=852  41$31898$aBritish Library$bHMNTS$zJul - Dec$zMicroform.$jMFM.M1966 [1898]
=852  41$31910$aBritish Library$bHMNTS$zSep - Dec$zMicroform.$jMFM.M708 [1910]
=852  41$31918$aBritish Library$bHMNTS$zMicroform.$jMFM.M48128 [1918]
=852  41$31918$aBritish Library$bHMNTS$zMicroform.$jMFM.M48127 [1918]
=852  41$31874$aBritish Library$bNPL$cEW$j411 [1874]
=852  41$aBritish Library$bNPL
=852  41$31985$aBritish Library$bHMNTS$zMicroform.$jMFM.M24527-38
=852  41$31986-1997$aBritish Library$bHMNTS$zMicroform.$jMFM.SP385
=852  41$31959-1985$aBritish Library$bNPL$jNEWS1909
=852  41$31928-1959$aBritish Library$bNPL$jNEWS1908
=856  42$31929, 1931-1943, 1945-1954$uhttp://www.britishnewspaperarchive.co.uk/search/results?TitleId=BL/0000640$yBritish Newspaper Archive
=866  \0$aNewspapers :no. 17219-27296 (4 Dec. 1928-2 May 1959)
=883  0\$aLanguage codes assigned by Bayesian analysis of words present in record$d20200826$qUk$c0.9919
=985  \\$aDisaggregated Record: NPL
=985  \\$aUpgraded by BSS-generated file for WR2009-0365
=CAT  \\$aBATCH-NPL$b00$c20070912$lBLL01$h1127
=CAT  \\$aBATCH-856$b50$c20220207$lBLL01$h0756
=CAT  \\$aBATCH-UPD$b50$c20220207$lBLL01$h0804
=CAT  \\$aBATCH-856$b50$c20220214$lBLL01$h0937
=CAT  \\$aBATCH-UPD$b50$c20220214$lBLL01$h0947
=CAT  \\$aBATCH-856$b50$c20220301$lBLL01$h1509
=CAT  \\$aBATCH-UPD$b50$c20220301$lBLL01$h1517
=CAT  \\$aRESET-LEV$b50$c20220302$lBLL01$h0053
=CAT  \\$aRESET-LEV$b50$c20220402$lBLL01$h1724
=CAT  \\$aRESET-LEV$b50$c20220502$lBLL01$h0239
=CAT  \\$aRESET-LEV$b50$c20220602$lBLL01$h2123
=CAT  \\$aRESET-LEV$b50$c20220702$lBLL01$h1726
=CAT  \\$aRESET-LEV$b50$c20220802$lBLL01$h0351
=CAT  \\$aRESET-LEV$b50$c20220902$lBLL01$h2218
=CAT  \\$aRESET-LEV$b50$c20221003$lBLL01$h0411
=CAT  \\$aRESET-LEV$b50$c20221102$lBLL01$h0230
=CAT  \\$aRESET-LEV$b50$c20221202$lBLL01$h2222
=CAT  \\$aRESET-LEV$b50$c20230102$lBLL01$h0257
=CAT  \\$aRESET-LEV$b50$c20230202$lBLL01$h2124
=CAT  \\$aRESET-LEV$b50$c20230302$lBLL01$h2132
=CAT  \\$aRESET-LEV$b50$c20230403$lBLL01$h0238
=CAT  \\$aRESET-LEV$b50$c20230502$lBLL01$h0321
=CAT  \\$aRESET-LEV$b50$c20230602$lBLL01$h2223
=CAT  \\$aRESET-LEV$b50$c20230703$lBLL01$h0504
=CAT  \\$aRESET-LEV$b50$c20230802$lBLL01$h0206
=CAT  \\$aRESET-LEV$b50$c20230902$lBLL01$h1734
=CAT  \\$aRESET-LEV$b50$c20231002$lBLL01$h0437
=FIN  \\$aY
=FMT  \\$a  SE
=LAS  \\$aRESET-LEV$b50$c20231002$lBLL01$h0437
=LEO  \\$aMP35.0000101224.1
=LKR  \\$aPAR$lBLL01$r78500$nEcho - no. 27297-38887 (4 May 1959-22 Feb.1997)$b013892402$mSunderland Echo and Shipping Gazette. - no. 17219-27296 (4 Dec. 1928-2 May 1959)
=NID  \\$aNID0003672
=SRC  \\$aNPLv17$bbibmp35.20070831.aa
=TCO  \\$aZZZ$c008

