=LDR  03694cas a2200805u  4500
=001  013892841
=003  Uk
=005  20220301150959.0
=008  950421d18921956||||||n|||\\\\0\\\||eng\\
=019  n\$aNLC0001438
=040  \\$aUk$cUk
=082  04$a072.579$222
=245  04$aThe Henley & South Oxford Standard.
=336  \\$atext$2rdacontent
=337  \\$aunmediated$2rdamedia
=338  \\$avolume$2rdacarrier
=585  \\$32 October 1914.$aCopy at NEWS2137. Exhibited: "Discovering literature: 20th century" (online), 25 May 2016-.$5Uk
=585  \\$32 October 1914.$aCopy at NEWS2137. Exhibited: "World War One" (online), 29 January 2014-.$5Uk
=651  \0$aHenley-on-Thames (England)$vNewspapers.
=651  \0$aOxfordshire (England)$vNewspapers.
=752  \\$aEngland$bOxfordshire$dHenley-on-Thames.$2blnpn
=780  00$tHenley Free Press$gno. 1-392 (21 Feb. 1885-17 July 1886; 8 June 1889-26 Aug. 1892)$w013892840
=785  00$tHenley Standard$gno. 3286- (2 March 1956-)$w013892842
=852  41$31965$aBritish Library$bNPL$j2888 [1965]
=852  41$31965$aBritish Library$bNPL$j2888 [1965]
=852  41$31927$aBritish Library$bNPL$cEW$j1072 [1925]$xBound with 1925
=852  41$31925$aBritish Library$bNPL$cEW$j1072 [1925]
=852  41$31926$aBritish Library$bNPL
=852  41$aBritish Library$bNPL$jNEWS shelfmarks - see explore.bl.uk for full holdings
=852  41$aBritish Library$bHMNTS$zMicroform.$jMFM shelfmarks - see explore.bl.uk for full holdings
=856  42$31892-1912$uhttp://www.britishnewspaperarchive.co.uk/search/results?TitleId=BL/0002279$yBritish Newspaper Archive
=866  \0$aNewspapers :no. 393-3287 (2 Sept. 1892-24 Feb. 1956)
=883  0\$aLanguage codes assigned by Bayesian analysis of words present in record$d20200826$qUk$c0.9919
=985  \\$aDisaggregated Record: NPL
=985  \\$aUpgraded by BSS-generated file for WR2009-0365
=CAT  \\$aBATCH-NPL$b00$c20070912$lBLL01$h1127
=CAT  \\$aBATCH-856$b50$c20220207$lBLL01$h0756
=CAT  \\$aBATCH-UPD$b50$c20220207$lBLL01$h0804
=CAT  \\$aBATCH-856$b50$c20220214$lBLL01$h0937
=CAT  \\$aBATCH-UPD$b50$c20220214$lBLL01$h0948
=CAT  \\$aBATCH-856$b50$c20220301$lBLL01$h1509
=CAT  \\$aBATCH-UPD$b50$c20220301$lBLL01$h1518
=CAT  \\$aRESET-LEV$b50$c20220302$lBLL01$h0053
=CAT  \\$aRESET-LEV$b50$c20220402$lBLL01$h1725
=CAT  \\$aRESET-LEV$b50$c20220502$lBLL01$h0239
=CAT  \\$aRESET-LEV$b50$c20220602$lBLL01$h2123
=CAT  \\$aRESET-LEV$b50$c20220702$lBLL01$h1726
=CAT  \\$aRESET-LEV$b50$c20220802$lBLL01$h0351
=CAT  \\$aRESET-LEV$b50$c20220902$lBLL01$h2218
=CAT  \\$aRESET-LEV$b50$c20221003$lBLL01$h0411
=CAT  \\$aRESET-LEV$b50$c20221102$lBLL01$h0231
=CAT  \\$aRESET-LEV$b50$c20221202$lBLL01$h2222
=CAT  \\$aRESET-LEV$b50$c20230102$lBLL01$h0257
=CAT  \\$aRESET-LEV$b50$c20230202$lBLL01$h2124
=CAT  \\$aRESET-LEV$b50$c20230302$lBLL01$h2132
=CAT  \\$aRESET-LEV$b50$c20230403$lBLL01$h0238
=CAT  \\$aRESET-LEV$b50$c20230502$lBLL01$h0322
=CAT  \\$aRESET-LEV$b50$c20230602$lBLL01$h2223
=CAT  \\$aRESET-LEV$b50$c20230703$lBLL01$h0504
=CAT  \\$aRESET-LEV$b50$c20230802$lBLL01$h0206
=CAT  \\$aRESET-LEV$b50$c20230902$lBLL01$h1734
=CAT  \\$aRESET-LEV$b50$c20231002$lBLL01$h0438
=FIN  \\$aY
=FMT  \\$a  SE
=LAS  \\$aRESET-LEV$b50$c20231002$lBLL01$h0438
=LEO  \\$aMP35.0000101410.1
=LKR  \\$aPAR$lBLL01$r78500$nHenley Standard - no. 3286- (2 March 1956-)$b013892842$mThe Henley & South Oxford Standard. - no. 393-3287 (2 Sept. 1892-24 Feb. 1956)
=NID  \\$aNID0004037
=SRC  \\$aNPLv17$bbibmp35.20070831.aa
=TCO  \\$aZZZ$c008

