=LDR  03063cas a2200757u  4500
=001  013892942
=003  Uk
=005  20220301151000.0
=008  950421d18571940||||||n|||\\\\0\\\|||||\\
=019  n\$aNLC0001481
=040  \\$aUk$cUk
=082  04$a072.787$222
=245  04$aThe Wigton Advertiser.
=336  \\$atext$2rdacontent
=337  \\$aunmediated$2rdamedia
=338  \\$avolume$2rdacarrier
=500  \\$aDiscontinued.
=500  \\$aMicrofilm only: 1857-58; 1872; 1899; July-Dec.1912.
=651  \0$aCumbria (England)$vNewspapers.
=651  \0$aWigton (England)$vNewspapers.
=752  \\$aEngland$bCumbria$dWigton.$2blnpn
=780  00$tMcMechan's Wigton Advertiser$gno. 1-6 (Jan.-2 June 1857)$w013892941
=852  41$aBritish Library$bHMNTS
=852  41$31918$aBritish Library$bNPL$cEW$j609 [1918]
=852  41$31871$aBritish Library$bNPL$cEW$j494 [1871]
=852  41$31900$aBritish Library$bNPL$cEW$j75 [1900]
=852  41$31871$aBritish Library$bNPL$cEW$j507 [1871]
=852  41$aBritish Library$bNPL$jNEWS shelfmarks - see explore.bl.uk for full holdings
=852  41$aBritish Library$bHMNTS$zMicroform.$jMFM shelfmarks - see explore.bl.uk for full holdings
=856  42$31857-1868, 1870-1940$uhttp://www.britishnewspaperarchive.co.uk/search/results?TitleId=BL/0002280$yBritish Newspaper Archive
=866  \0$aNewspapers :no. 7, etc. (2 July 1857-18 May 1940)
=985  \\$aDisaggregated Record: NPL
=CAT  \\$aBATCH-NPL$b00$c20070912$lBLL01$h1127
=CAT  \\$aBATCH-856$b50$c20220207$lBLL01$h0756
=CAT  \\$aBATCH-UPD$b50$c20220207$lBLL01$h0805
=CAT  \\$aBATCH-856$b50$c20220214$lBLL01$h0937
=CAT  \\$aBATCH-UPD$b50$c20220214$lBLL01$h0948
=CAT  \\$aBATCH-856$b50$c20220301$lBLL01$h1510
=CAT  \\$aBATCH-UPD$b50$c20220301$lBLL01$h1518
=CAT  \\$aRESET-LEV$b50$c20220302$lBLL01$h0053
=CAT  \\$aRESET-LEV$b50$c20220402$lBLL01$h1725
=CAT  \\$aRESET-LEV$b50$c20220502$lBLL01$h0239
=CAT  \\$aRESET-LEV$b50$c20220602$lBLL01$h2123
=CAT  \\$aRESET-LEV$b50$c20220702$lBLL01$h1726
=CAT  \\$aRESET-LEV$b50$c20220802$lBLL01$h0351
=CAT  \\$aRESET-LEV$b50$c20220902$lBLL01$h2218
=CAT  \\$aRESET-LEV$b50$c20221003$lBLL01$h0411
=CAT  \\$aRESET-LEV$b50$c20221102$lBLL01$h0231
=CAT  \\$aRESET-LEV$b50$c20221202$lBLL01$h2222
=CAT  \\$aRESET-LEV$b50$c20230102$lBLL01$h0257
=CAT  \\$aRESET-LEV$b50$c20230202$lBLL01$h2124
=CAT  \\$aRESET-LEV$b50$c20230302$lBLL01$h2132
=CAT  \\$aRESET-LEV$b50$c20230403$lBLL01$h0238
=CAT  \\$aRESET-LEV$b50$c20230502$lBLL01$h0322
=CAT  \\$aRESET-LEV$b50$c20230602$lBLL01$h2223
=CAT  \\$aRESET-LEV$b50$c20230703$lBLL01$h0504
=CAT  \\$aRESET-LEV$b50$c20230802$lBLL01$h0206
=CAT  \\$aRESET-LEV$b50$c20230902$lBLL01$h1734
=CAT  \\$aRESET-LEV$b50$c20231002$lBLL01$h0438
=FIN  \\$aY
=FMT  \\$a  SE
=LAS  \\$aRESET-LEV$b50$c20231002$lBLL01$h0438
=LEO  \\$aMP35.0000101452.1
=NID  \\$aNID0004123
=SRC  \\$aNPLv17$bbibmp35.20070831.aa
=TCO  \\$aZZZ$c008

