=LDR  03605cas a2200793u  4500
=001  013893918
=003  Uk
=005  20220301151001.0
=008  950421d18901977||||||n|||\\\\0\\\||eng\\
=019  n\$aNLC0002013
=040  \\$aUk$cUk
=082  04$a072.516$222
=245  04$aThe Ripley and Heanor News and Ilkeston Division Free Press.
=336  \\$atext$2rdacontent
=337  \\$aunmediated$2rdamedia
=338  \\$avolume$2rdacarrier
=500  \\$aWanting 1898.
=651  \0$aDerbyshire (England)$vNewspapers.
=651  \0$aRipley (Derbyshire, England)$vNewspapers.
=752  \\$aEngland$bDerbyshire$dRipley.$2blnpn
=780  00$tRipley News and Ilkeston Division Free Press$gno. 8-50 (24 May 1889-14 March 1890)$w013893917
=785  00$tRipley & Heanor News and Amber Valley District Press$gno. 3621-3724 (26 Aug. 1977-31 Aug. 1979)$w013893919
=852  41$31924$aBritish Library$bNPL
=852  41$31924$aBritish Library$bNPL
=852  41$31962$aBritish Library$bNPL$j2735 [1962]
=852  41$31898$aBritish Library$bNPL$cEW$j905 [1898]
=852  41$31924$aBritish Library$bNPL
=852  41$aBritish Library$bNPL$jNEWS shelfmarks - see explore.bl.uk for full holdings
=852  41$aBritish Library$bHMNTS$zSep - Dec$zMicroform.$jMFM shelfmarks - see explore.bl.uk for full holdings
=856  42$31890-1897, 1899-1957$uhttp://www.britishnewspaperarchive.co.uk/search/results?TitleId=BL/0002037$yBritish Newspaper Archive
=866  \0$aNewspapers :no. 51-3620 (21 March 1890-19 Aug. 1977)
=883  0\$aLanguage codes assigned by Bayesian analysis of words present in record$d20200826$qUk$c0.9919
=985  \\$aDisaggregated Record: NPL
=985  \\$aUpgraded by BSS-generated file for WR2009-0365
=CAT  \\$aBATCH-NPL$b00$c20070912$lBLL01$h1128
=CAT  \\$aBATCH-856$b50$c20220207$lBLL01$h0756
=CAT  \\$aBATCH-UPD$b50$c20220207$lBLL01$h0806
=CAT  \\$aBATCH-856$b50$c20220214$lBLL01$h0937
=CAT  \\$aBATCH-UPD$b50$c20220214$lBLL01$h0949
=CAT  \\$aBATCH-856$b50$c20220301$lBLL01$h1510
=CAT  \\$aBATCH-UPD$b50$c20220301$lBLL01$h1519
=CAT  \\$aRESET-LEV$b50$c20220302$lBLL01$h0053
=CAT  \\$aRESET-LEV$b50$c20220402$lBLL01$h1725
=CAT  \\$aRESET-LEV$b50$c20220502$lBLL01$h0240
=CAT  \\$aRESET-LEV$b50$c20220602$lBLL01$h2123
=CAT  \\$aRESET-LEV$b50$c20220702$lBLL01$h1727
=CAT  \\$aRESET-LEV$b50$c20220802$lBLL01$h0351
=CAT  \\$aRESET-LEV$b50$c20220902$lBLL01$h2219
=CAT  \\$aRESET-LEV$b50$c20221003$lBLL01$h0412
=CAT  \\$aRESET-LEV$b50$c20221102$lBLL01$h0231
=CAT  \\$aRESET-LEV$b50$c20221202$lBLL01$h2222
=CAT  \\$aRESET-LEV$b50$c20230102$lBLL01$h0257
=CAT  \\$aRESET-LEV$b50$c20230202$lBLL01$h2124
=CAT  \\$aRESET-LEV$b50$c20230302$lBLL01$h2132
=CAT  \\$aRESET-LEV$b50$c20230403$lBLL01$h0239
=CAT  \\$aRESET-LEV$b50$c20230502$lBLL01$h0322
=CAT  \\$aRESET-LEV$b50$c20230602$lBLL01$h2224
=CAT  \\$aRESET-LEV$b50$c20230703$lBLL01$h0505
=CAT  \\$aRESET-LEV$b50$c20230802$lBLL01$h0207
=CAT  \\$aRESET-LEV$b50$c20230902$lBLL01$h1735
=CAT  \\$aRESET-LEV$b50$c20231002$lBLL01$h0438
=FIN  \\$aY
=FMT  \\$a  SE
=LAS  \\$aRESET-LEV$b50$c20231002$lBLL01$h0438
=LEO  \\$aMP35.0000101975.2
=LKR  \\$aPAR$lBLL01$r78500$nRipley & Heanor News and Amber Valley District Press - no. 3621-3724 (26 Aug. 1977-31 Aug. 1979)$b013893919$mThe Ripley and Heanor News and Ilkeston Division Free Press. - no. 51-3620 (21 March 1890-19 Aug. 1977)
=NID  \\$aNID0004932
=SRC  \\$aNPLv17$bbibmp35.20070831.aa
=TCO  \\$aZZZ$c008

