=LDR  03601cas a2200781u  4500
=001  013894026
=003  Uk
=005  20220301151001.0
=008  950421d18581892||||||n|||\\\\0\\\||eng\\
=019  n\$aNLC0002056
=040  \\$aUk$cUk
=082  04$a072.851$222
=245  00$aStockton Herald, South Durham and Cleveland Advertiser.
=336  \\$atext$2rdacontent
=337  \\$aunmediated$2rdamedia
=338  \\$avolume$2rdacarrier
=651  \0$aCleveland (England)$vNewspapers.
=651  \0$aStockton-on-Tees (England)$vNewspapers.
=752  \\$aEngland$bCleveland$dStockton-on-Tees.$2blnpn
=785  00$tStockton & Thornaby Herald and South Durham Advertiser$gno. 1883-3684 (8 Oct. 1892-27 April 1918)$w013894027
=852  41$31863$aBritish Library$bNPL$cEW$j4797 [1863]
=852  41$31871$aBritish Library$bNPL$cEW$j507 [1871]
=852  41$31877$aBritish Library$bNPL$cEW$j218 [1877]
=852  41$aBritish Library$bNPL
=852  41$31859; Unfit for use$aBritish Library$bNPL$cEW$jS187 [1859]
=852  41$aBritish Library$bNPL$jNEWS shelfmarks - see explore.bl.uk for full holdings
=852  41$aBritish Library$bHMNTS$zMicroform.$jMFM shelfmarks - see explore.bl.uk for full holdings
=852  41$aBritish Library$bNPL$jPENN shelfmarks - see explore.bl.uk for full holdings
=856  42$31858-1866, 1868-1876, 1879-1890, 1892$uhttp://www.britishnewspaperarchive.co.uk/search/results?TitleId=BL/0002975$yBritish Newspaper Archive
=866  \0$aNewspapers :no. 1-1882 (10 July 1858-1 Oct. 1892)
=883  0\$aLanguage codes assigned by Bayesian analysis of words present in record$d20200826$qUk$c0.9919
=985  \\$aDisaggregated Record: NPL
=985  \\$aUpgraded by BSS-generated file for WR2009-0365
=CAT  \\$aBATCH-NPL$b00$c20070912$lBLL01$h1128
=CAT  \\$aBATCH-856$b50$c20220207$lBLL01$h0756
=CAT  \\$aBATCH-UPD$b50$c20220207$lBLL01$h0806
=CAT  \\$aBATCH-856$b50$c20220214$lBLL01$h0937
=CAT  \\$aBATCH-UPD$b50$c20220214$lBLL01$h0949
=CAT  \\$aBATCH-856$b50$c20220301$lBLL01$h1510
=CAT  \\$aBATCH-UPD$b50$c20220301$lBLL01$h1519
=CAT  \\$aRESET-LEV$b50$c20220302$lBLL01$h0053
=CAT  \\$aRESET-LEV$b50$c20220402$lBLL01$h1725
=CAT  \\$aRESET-LEV$b50$c20220502$lBLL01$h0240
=CAT  \\$aRESET-LEV$b50$c20220602$lBLL01$h2123
=CAT  \\$aRESET-LEV$b50$c20220702$lBLL01$h1727
=CAT  \\$aRESET-LEV$b50$c20220802$lBLL01$h0351
=CAT  \\$aRESET-LEV$b50$c20220902$lBLL01$h2219
=CAT  \\$aRESET-LEV$b50$c20221003$lBLL01$h0412
=CAT  \\$aRESET-LEV$b50$c20221102$lBLL01$h0231
=CAT  \\$aRESET-LEV$b50$c20221202$lBLL01$h2222
=CAT  \\$aRESET-LEV$b50$c20230102$lBLL01$h0257
=CAT  \\$aRESET-LEV$b50$c20230202$lBLL01$h2124
=CAT  \\$aRESET-LEV$b50$c20230302$lBLL01$h2132
=CAT  \\$aRESET-LEV$b50$c20230403$lBLL01$h0239
=CAT  \\$aRESET-LEV$b50$c20230502$lBLL01$h0322
=CAT  \\$aRESET-LEV$b50$c20230602$lBLL01$h2224
=CAT  \\$aRESET-LEV$b50$c20230703$lBLL01$h0505
=CAT  \\$aRESET-LEV$b50$c20230802$lBLL01$h0207
=CAT  \\$aRESET-LEV$b50$c20230902$lBLL01$h1735
=CAT  \\$aRESET-LEV$b50$c20231002$lBLL01$h0438
=FIN  \\$aY
=FMT  \\$a  SE
=LAS  \\$aRESET-LEV$b50$c20231002$lBLL01$h0438
=LEO  \\$aMP35.0000102018
=LKR  \\$aPAR$lBLL01$r78500$nStockton & Thornaby Herald and South Durham Advertiser - no. 1883-3684 (8 Oct. 1892-27 April 1918)$b013894027$mStockton Herald, South Durham and Cleveland Advertiser. - no. 1-1882 (10 July 1858-1 Oct. 1892)
=NID  \\$aNID0005023
=SRC  \\$aNPLv17$bbibmp35.20070831.aa
=TCO  \\$aZZZ$c008

