=LDR  03069cas a2200685u  4500
=001  013894269
=003  Uk
=005  20220301151001.0
=008  950421d18651879||||||n|||\\\\0\\\||eng\\
=019  n\$aNLC0002176
=040  \\$aUk$cUk
=082  04$a072.134$222
=245  04$aThe Chelsea News and General Advertiser.
=336  \\$atext$2rdacontent
=337  \\$aunmediated$2rdamedia
=338  \\$avolume$2rdacarrier
=651  \0$aKensington and Chelsea (London, England)$vNewspapers.
=752  \\$aEngland$dLondon$fKensington And Chelsea.$2blnpn
=785  00$tWestminster and Chelsea News, etc.$gno. 997-1301 (2 Aug. 1879-25 April 1885)$w013894270
=852  41$aBritish Library$bNPL
=852  41$aBritish Library$bNPL$jNEWS shelfmarks - see explore.bl.uk for full holdings
=852  41$aBritish Library$bHMNTS$zMicroform.$jMFM shelfmarks - see explore.bl.uk for full holdings
=856  42$31865-1872, 1875-1879$uhttp://www.britishnewspaperarchive.co.uk/search/results?TitleId=BL/0000971$yBritish Newspaper Archive
=866  \0$aNewspapers :no. 286, 269-649, 785-996 (29 July 1865-28 Sept. 1872; 3 July 1875-26 July 1879)
=985  \\$aUpgraded by BSS-generated file for WR1910-0531
=CAT  \\$aBATCH-NPL$b00$c20070912$lBLL01$h1128
=CAT  \\$aBATCH-856$b50$c20220207$lBLL01$h0756
=CAT  \\$aBATCH-UPD$b50$c20220207$lBLL01$h0806
=CAT  \\$aBATCH-856$b50$c20220214$lBLL01$h0937
=CAT  \\$aBATCH-UPD$b50$c20220214$lBLL01$h0950
=CAT  \\$aBATCH-856$b50$c20220301$lBLL01$h1510
=CAT  \\$aBATCH-UPD$b50$c20220301$lBLL01$h1519
=CAT  \\$aRESET-LEV$b50$c20220302$lBLL01$h0053
=CAT  \\$aRESET-LEV$b50$c20220402$lBLL01$h1725
=CAT  \\$aRESET-LEV$b50$c20220502$lBLL01$h0240
=CAT  \\$aRESET-LEV$b50$c20220602$lBLL01$h2124
=CAT  \\$aRESET-LEV$b50$c20220702$lBLL01$h1727
=CAT  \\$aRESET-LEV$b50$c20220802$lBLL01$h0351
=CAT  \\$aRESET-LEV$b50$c20220902$lBLL01$h2219
=CAT  \\$aRESET-LEV$b50$c20221003$lBLL01$h0412
=CAT  \\$aRESET-LEV$b50$c20221102$lBLL01$h0231
=CAT  \\$aRESET-LEV$b50$c20221202$lBLL01$h2222
=CAT  \\$aRESET-LEV$b50$c20230102$lBLL01$h0257
=CAT  \\$aRESET-LEV$b50$c20230202$lBLL01$h2125
=CAT  \\$aRESET-LEV$b50$c20230302$lBLL01$h2132
=CAT  \\$aRESET-LEV$b50$c20230403$lBLL01$h0239
=CAT  \\$aRESET-LEV$b50$c20230502$lBLL01$h0322
=CAT  \\$aRESET-LEV$b50$c20230602$lBLL01$h2224
=CAT  \\$aRESET-LEV$b50$c20230703$lBLL01$h0505
=CAT  \\$aRESET-LEV$b50$c20230802$lBLL01$h0207
=CAT  \\$aRESET-LEV$b50$c20230902$lBLL01$h1735
=CAT  \\$aRESET-LEV$b50$c20231002$lBLL01$h0439
=FIN  \\$aY
=FMT  \\$a  SE
=LAS  \\$aRESET-LEV$b50$c20231002$lBLL01$h0439
=LEO  \\$aMP35.0000102133
=LKR  \\$aPAR$lBLL01$r78500$nWestminster and Chelsea News, etc. - no. 997-1301 (2 Aug. 1879-25 April 1885)$b013894270$mThe Chelsea News and General Advertiser. - no. 286, 269-649, 785-996 (29 July 1865-28 Sept. 1872; 3 July 1875-26 July 1879)
=NID  \\$aNID0005212
=SRC  \\$aNPLv17$bbibmp35.20070831.aa
=TCO  \\$aZZZ$c008

