=LDR  03935cas a2200889u  4500
=001  013894902
=003  Uk
=005  20220301151002.0
=008  950421d18611953||||||n|||\\\\0\\\||eng\\
=019  n\$aNLC0002673
=040  \\$aUk$cUk
=082  04$a072.565$222
=130  4\$aThe Leighton Buzzard Observer and Linslade Gazette.
=245  14$aThe Leighton Buzzard Observer and Linslade Gazette.
=336  \\$atext$2rdacontent
=337  \\$aunmediated$2rdamedia
=338  \\$avolume$2rdacarrier
=500  \\$aVol.1.no.1. is a facsimile.
=500  \\$aWanting Dec. 1871.
=500  \\$aMicrofilm only: Jan.-Nov. 1871.
=651  \0$aBedfordshire (England)$vNewspapers.
=651  \0$aCentral Bedfordshire (England)$vNewspapers.
=651  \0$aLeighton Buzzard (England)$vNewspapers.
=752  \\$aEngland$bBedfordshire$dLeighton Buzzard.$2blnpn
=785  00$tObserver$g5 Jan.-29 June 1954$w013894903
=852  41$aBritish Library$bNPL
=852  41$31890$aBritish Library$bNPL$cEW$j927 [1890]
=852  41$31875$aBritish Library$bNPL$cEW$j275 [1875]
=852  41$31873$aBritish Library$bNPL$cEW$j40 [1873]
=852  41$31898$aBritish Library$bNPL$cEW$j439661 [1898]
=852  41$31898$aBritish Library$bNPL$cEW$j578 [1898]
=852  41$31871$aBritish Library$bNPL$cEW$j507 [1871]
=852  41$31880$aBritish Library$bNPL$cEW$j126 [1880]
=852  41$31889$aBritish Library$bNPL$cEW$j5 [1889]
=852  41$31875$aBritish Library$bNPL$cEW$j303 [1875]
=852  41$aBritish Library$bNPL$jNEWS shelfmarks - see explore.bl.uk for full holdings
=852  41$aBritish Library$bHMNTS$zMicroform.$jMFM shelfmarks - see explore.bl.uk for full holdings
=856  42$31861, 1863-1904, 1939$uhttp://www.britishnewspaperarchive.co.uk/search/results?TitleId=BL/0001091$yBritish Newspaper Archive
=866  \0$aNewspapers :vol. 1. no. 1, etc. (1 Jan. 1861; 10 March 1863-29 Dec. 1953)
=883  0\$aLanguage codes assigned by Bayesian analysis of words present in record$d20200826$qUk$c0.9919
=985  \\$aDisaggregated Record: NPL
=985  \\$aUpgraded by BSS-generated file for WR2009-0365
=CAT  \\$aBATCH-NPL$b00$c20070912$lBLL01$h1129
=CAT  \\$aBATCH-856$b50$c20220207$lBLL01$h0756
=CAT  \\$aBATCH-UPD$b50$c20220207$lBLL01$h0807
=CAT  \\$aBATCH-856$b50$c20220214$lBLL01$h0937
=CAT  \\$aBATCH-UPD$b50$c20220214$lBLL01$h0950
=CAT  \\$aBATCH-856$b50$c20220301$lBLL01$h1510
=CAT  \\$aBATCH-UPD$b50$c20220301$lBLL01$h1519
=CAT  \\$aRESET-LEV$b50$c20220302$lBLL01$h0053
=CAT  \\$aRESET-LEV$b50$c20220402$lBLL01$h1725
=CAT  \\$aRESET-LEV$b50$c20220502$lBLL01$h0240
=CAT  \\$aRESET-LEV$b50$c20220602$lBLL01$h2124
=CAT  \\$aRESET-LEV$b50$c20220702$lBLL01$h1727
=CAT  \\$aRESET-LEV$b50$c20220802$lBLL01$h0351
=CAT  \\$aRESET-LEV$b50$c20220902$lBLL01$h2219
=CAT  \\$aRESET-LEV$b50$c20221003$lBLL01$h0412
=CAT  \\$aRESET-LEV$b50$c20221102$lBLL01$h0231
=CAT  \\$aRESET-LEV$b50$c20221202$lBLL01$h2223
=CAT  \\$aRESET-LEV$b50$c20230102$lBLL01$h0257
=CAT  \\$aRESET-LEV$b50$c20230202$lBLL01$h2125
=CAT  \\$aRESET-LEV$b50$c20230302$lBLL01$h2133
=CAT  \\$aRESET-LEV$b50$c20230403$lBLL01$h0239
=CAT  \\$aRESET-LEV$b50$c20230502$lBLL01$h0322
=CAT  \\$aRESET-LEV$b50$c20230602$lBLL01$h2224
=CAT  \\$aRESET-LEV$b50$c20230703$lBLL01$h0505
=CAT  \\$aRESET-LEV$b50$c20230802$lBLL01$h0207
=CAT  \\$aRESET-LEV$b50$c20230902$lBLL01$h1735
=CAT  \\$aRESET-LEV$b50$c20231002$lBLL01$h0439
=FIN  \\$aY
=FMT  \\$a  SE
=LAS  \\$aRESET-LEV$b50$c20231002$lBLL01$h0439
=LEO  \\$aMP35.0000102621
=LKR  \\$aPAR$lBLL01$r78500$nObserver -5 Jan.-29 June 1954$b013894903$mThe Leighton Buzzard Observer and Linslade Gazette. - vol. 1. no. 1, etc. (1 Jan. 1861; 10 March 1863-29 Dec. 1953)
=NID  \\$aNID0005704
=SRC  \\$aNPLv17$bbibmp35.20070831.aa
=TCO  \\$aZZZ$c008

