=LDR  03980cas a2200841u  4500
=001  013895019
=003  Uk
=005  20220301151002.0
=008  950421d18591966||||||n|||\\\\0\\\||eng\\
=019  n\$aNLC0002738
=040  \\$aUk$cUk
=082  04$a072.443$222
=245  04$aThe Redditch Indicator.
=336  \\$atext$2rdacontent
=337  \\$aunmediated$2rdamedia
=338  \\$avolume$2rdacarrier
=500  \\$aWanting Jan.-June 1869; Jan.-Dec. 1873; Jan.-April 1874; Jan.-Feb. 1987.
=500  \\$aMicrofilm only: Jan.-June 1872; May-Dec. 1874; Jan.-Dec. 1897; Jan.-Dec. 1911.
=651  \0$aHereford and Worcester (England)$vNewspapers.
=651  \0$aRedditch (England)$vNewspapers.
=752  \\$aEngland$bHereford & Worcester$dRedditch.$2blnpn
=785  00$tRedditch Indicator & Alcester Chronicle$gno. 5538-5866 (1 April 1966-14 July 1972)$w013895020
=852  41$aBritish Library$bNPL
=852  41$31862$aBritish Library$bNPL$cEW$j1377 [1862]
=852  41$31897$aBritish Library$bNPL$cEW$j1856 [1897]
=852  41$31884$aBritish Library$bNPL$cEW$j1589A [1883]$xBound with 1883
=852  41$31862$aBritish Library$bNPL$cEW$j1377 [1862]
=852  41$31862$aBritish Library$bNPL$cEW$j1377 [1862]
=852  41$31862$aBritish Library$bNPL$cEW$j1377 [1862]
=852  41$31862$aBritish Library$bNPL$cEW$j1377 [1862]
=852  41$aBritish Library$bNPL$jNEWS shelfmarks - see explore.bl.uk for full holdings
=852  41$aBritish Library$bHMNTS$z14 Jan. - 6 May$zMicroform.$jMFM shelfmarks - see explore.bl.uk for full holdings
=852  41$aBritish Library$bNPL$jPENN shelfmarks - see explore.bl.uk for full holdings
=856  42$31864-1866, 1868-1870, 1872, 1874, 1877, 1893$uhttp://www.britishnewspaperarchive.co.uk/search/results?TitleId=BL/0004149$yBritish Newspaper Archive
=866  \0$aNewspapers :no. 1-667, 763-5537 (24 Sept 1859-29 June 1872; 2 May 1874-25 March 1966)
=883  0\$aLanguage codes assigned by Bayesian analysis of words present in record$d20201028$qUk$c0.9010
=985  \\$aDisaggregated Record: NPL
=985  \\$aUpgraded by BSS-generated file for WR2011-1472
=CAT  \\$aBATCH-NPL$b00$c20070912$lBLL01$h1129
=CAT  \\$aRESET-LEV$b50$c20211102$lBLL01$h0305
=CAT  \\$aRESET-LEV$b50$c20211202$lBLL01$h2122
=CAT  \\$aRESET-LEV$b50$c20220103$lBLL01$h0032
=CAT  \\$aRESET-LEV$b50$c20220202$lBLL01$h0137
=CAT  \\$aBATCH-856$b50$c20220301$lBLL01$h1510
=CAT  \\$aBATCH-UPD$b50$c20220301$lBLL01$h1520
=CAT  \\$aRESET-LEV$b50$c20220302$lBLL01$h0053
=CAT  \\$aRESET-LEV$b50$c20220402$lBLL01$h1725
=CAT  \\$aRESET-LEV$b50$c20220502$lBLL01$h0240
=CAT  \\$aRESET-LEV$b50$c20220602$lBLL01$h2124
=CAT  \\$aRESET-LEV$b50$c20220702$lBLL01$h1727
=CAT  \\$aRESET-LEV$b50$c20220802$lBLL01$h0351
=CAT  \\$aRESET-LEV$b50$c20220902$lBLL01$h2219
=CAT  \\$aRESET-LEV$b50$c20221003$lBLL01$h0412
=CAT  \\$aRESET-LEV$b50$c20221102$lBLL01$h0231
=CAT  \\$aRESET-LEV$b50$c20221202$lBLL01$h2223
=CAT  \\$aRESET-LEV$b50$c20230102$lBLL01$h0257
=CAT  \\$aRESET-LEV$b50$c20230202$lBLL01$h2125
=CAT  \\$aRESET-LEV$b50$c20230302$lBLL01$h2133
=CAT  \\$aRESET-LEV$b50$c20230403$lBLL01$h0239
=CAT  \\$aRESET-LEV$b50$c20230502$lBLL01$h0322
=CAT  \\$aRESET-LEV$b50$c20230602$lBLL01$h2224
=CAT  \\$aRESET-LEV$b50$c20230703$lBLL01$h0505
=CAT  \\$aRESET-LEV$b50$c20230802$lBLL01$h0207
=CAT  \\$aRESET-LEV$b50$c20230902$lBLL01$h1735
=CAT  \\$aRESET-LEV$b50$c20231002$lBLL01$h0439
=FIN  \\$aY
=FMT  \\$a  SE
=LAS  \\$aRESET-LEV$b50$c20231002$lBLL01$h0439
=LEO  \\$aMP35.0000102684
=LKR  \\$aPAR$lBLL01$r78500$nRedditch Indicator & Alcester Chronicle - no. 5538-5866 (1 April 1966-14 July 1972)$b013895020$mThe Redditch Indicator. - no. 1-667, 763-5537 (24 Sept 1859-29 June 1872; 2 May 1874-25 March 1966)
=NID  \\$aNID0005797
=SRC  \\$aNPLv17$bbibmp35.20070831.aa
=TCO  \\$aZZZ$c008

