=LDR  04254cas a2200865u  4500
=001  013895333
=003  Uk
=005  20220301151003.0
=008  950421d18221842|||wr|n|||\\\\0\\\||eng\\
=019  n\$aNLC0002911
=040  \\$aUk$cUk
=082  04$a072.257$222
=245  04$aThe Sussex Advertiser, or Lewes and Brighthelmston Journal.
=246  3\$aSussex Advertiser$f1822-1904
=336  \\$atext$2rdacontent
=337  \\$aunmediated$2rdamedia
=338  \\$avolume$2rdacarrier
=651  \0$aEast Sussex (England)$vNewspapers.
=651  \0$aLewes (England)$vNewspapers.
=752  \\$aEngland$bEast Sussex$dLewes.$2blnpn
=780  00$tSussex Weekly Advertiser, or, Lewes Journal$gno. 1387, etc. (18 Jan. 1773-26 Dec. 1774; 24 March 1777-28 Dec. 1778; 4 Feb. 1782-29 Nov. 1784; 5 Jan. 1789-16 Sept. 1793; 6 Jan.-29 Dec. 1794; 22 June 1795-31 Dec. 1804; 25 April 1808; 11 March 1811-31 Aug. 1812; 5 Oct. 1812-19 Sept. 1814; 30 Jan., 6 March-23 Dec. 1815; 29 June, 21 Dec. 1818; 11 Jan. 1819-25 Dec.1820)$w013895332
=785  00$tSussex Advertiser$gno. 4971-5030 (12 April 1842-6 June 1843)$w013895334
=852  41$31871$aBritish Library$bNPL$cEW$j365 [1871]
=852  41$31879$aBritish Library$bNPL$cEW$j246 [1879]
=852  41$31871$aBritish Library$bNPL$cEW$j365 [1871]
=852  41$aBritish Library$bHMNTS$jPP.2500.DAB
=852  41$31879$aBritish Library$bNPL$cEW$j246 [1879]
=852  41$31871$aBritish Library$bNPL$cEW$j365 [1871]
=852  41$aBritish Library$bHMNTS$jPP.2500.DAB
=852  41$31871$aBritish Library$bNPL$cEW$j365 [1871]
=852  41$aBritish Library$bHMNTS$jPP.2500.DAB
=852  \\$aBritish Library$bNPL
=852  41$aBritish Library$bNPL$jNEWS shelfmarks - see explore.bl.uk for full holdings
=852  41$aBritish Library$bHMNTS$zJan - Jun$zMicroform.$jMFM shelfmarks - see explore.bl.uk for full holdings
=852  41$aBritish Library$bNPL$jPENN shelfmarks - see explore.bl.uk for full holdings
=856  42$31822-1842$uhttp://www.britishnewspaperarchive.co.uk/search/results?TitleId=BL/0000256$yBritish Newspaper Archive
=866  \0$aNewspapers :26 Aug. 1822; 13 Jan. 1823-4 Oct. 1824; 3 Jan. 1825-4 April 1842.
=883  0\$aLanguage codes assigned by Bayesian analysis of words present in record$d20200826$qUk$c0.9919
=985  \\$aDisaggregated Record: NPL
=985  \\$aUpgraded by BSS-generated file for WR2009-0365
=CAT  \\$aBATCH-NPL$b00$c20070912$lBLL01$h1129
=CAT  \\$aBATCH-856$b50$c20220207$lBLL01$h0756
=CAT  \\$aBATCH-UPD$b50$c20220207$lBLL01$h0808
=CAT  \\$aBATCH-856$b50$c20220214$lBLL01$h0937
=CAT  \\$aBATCH-UPD$b50$c20220214$lBLL01$h0951
=CAT  \\$aBATCH-856$b50$c20220301$lBLL01$h1510
=CAT  \\$aBATCH-UPD$b50$c20220301$lBLL01$h1520
=CAT  \\$aRESET-LEV$b50$c20220302$lBLL01$h0053
=CAT  \\$aRESET-LEV$b50$c20220402$lBLL01$h1725
=CAT  \\$aRESET-LEV$b50$c20220502$lBLL01$h0240
=CAT  \\$aRESET-LEV$b50$c20220602$lBLL01$h2124
=CAT  \\$aRESET-LEV$b50$c20220702$lBLL01$h1727
=CAT  \\$aRESET-LEV$b50$c20220802$lBLL01$h0351
=CAT  \\$aRESET-LEV$b50$c20220902$lBLL01$h2219
=CAT  \\$aRESET-LEV$b50$c20221003$lBLL01$h0412
=CAT  \\$aRESET-LEV$b50$c20221102$lBLL01$h0231
=CAT  \\$aRESET-LEV$b50$c20221202$lBLL01$h2223
=CAT  \\$aRESET-LEV$b50$c20230102$lBLL01$h0258
=CAT  \\$aRESET-LEV$b50$c20230202$lBLL01$h2125
=CAT  \\$aRESET-LEV$b50$c20230302$lBLL01$h2133
=CAT  \\$aRESET-LEV$b50$c20230403$lBLL01$h0239
=CAT  \\$aRESET-LEV$b50$c20230502$lBLL01$h0322
=CAT  \\$aRESET-LEV$b50$c20230602$lBLL01$h2224
=CAT  \\$aRESET-LEV$b50$c20230703$lBLL01$h0505
=CAT  \\$aRESET-LEV$b50$c20230802$lBLL01$h0207
=CAT  \\$aRESET-LEV$b50$c20230902$lBLL01$h1735
=CAT  \\$aRESET-LEV$b50$c20231002$lBLL01$h0439
=FIN  \\$aY
=FMT  \\$a  SE
=LAS  \\$aRESET-LEV$b50$c20231002$lBLL01$h0439
=LEO  \\$aMP35.0000102851.1
=LKR  \\$aPAR$lBLL01$r78500$nSussex Advertiser - no. 4971-5030 (12 April 1842-6 June 1843)$b013895334$mThe Sussex Advertiser, or Lewes and Brighthelmston Journal. - 26 Aug. 1822; 13 Jan. 1823-4 Oct. 1824; 3 Jan. 1825-4 April 1842.
=NID  \\$aNID0006036
=SRC  \\$aNPLv17$bbibmp35.20070831.aa
=TCO  \\$aZZZ$c008

