=LDR  03315cas a2200793u  4500
=001  013896016
=003  Uk
=005  20220301151003.0
=008  950421d18701941||||||n|||\\\\0\\\||eng\\
=019  n\$aNLC0004243
=040  \\$aUk$cUk
=082  04$a072.352$222
=245  04$aThe North Devon Herald.
=336  \\$atext$2rdacontent
=337  \\$aunmediated$2rdamedia
=338  \\$avolume$2rdacarrier
=500  \\$aAmalgamated with "The North Devon Journal" and subsequently published as "The North Devon Journal-Herald".
=500  \\$aWanting Jan.-June 1873.
=500  \\$aMicrofilm: July-Dec.1873.
=651  \0$aBarnstaple (England)$vNewspapers.
=651  \0$aDevon (England)$vNewspapers.
=752  \\$aEngland$bDevon$dBarnstaple.$2blnpn
=852  41$31897$aBritish Library$bNPL$cEW$j587 [1897]
=852  41$31898$aBritish Library$bNPL$cEW$j439661 [1898]
=852  \\$aBritish Library$bNPL$cEW
=852  41$aBritish Library$bNPL
=852  41$31859; Unfit for use$aBritish Library$bNPL$cEW$jS187 [1859]
=852  41$31880$aBritish Library$bNPL$cEW$j409 [1880]
=852  41$31898$aBritish Library$bNPL$cEW$j578 [1898]
=852  41$31871$aBritish Library$bNPL$cEW$j507 [1871]
=852  41$aBritish Library$bNPL$jNEWS shelfmarks - see explore.bl.uk for full holdings
=852  41$aBritish Library$bHMNTS$zMicroform.$jMFM shelfmarks - see explore.bl.uk for full holdings
=852  41$aBritish Library$bNPL$jPENN shelfmarks - see explore.bl.uk for full holdings
=856  42$31892$uhttp://www.britishnewspaperarchive.co.uk/search/results?TitleId=BL/0003850$yBritish Newspaper Archive
=866  \0$aNewspapers :no.1-3764 (14 July 1870-20 Feb.1941)
=883  0\$aLanguage codes assigned by Bayesian analysis of words present in record$d20200826$qUk$c0.9919
=985  \\$aUpgraded by BSS-generated file for WR2009-0365
=CAT  \\$aBATCH-NPL$b00$c20070912$lBLL01$h1130
=CAT  \\$aBATCH$b00$c20070916$lBLL01$h1747
=CAT  \\$aB-BSS-DEL$b00$c20080331$lBLL01$h1539
=CAT  \\$aNPL-008-N$c20110504$lBLL01$h2210
=CAT  \\$aADD-NID$b00$c20110805$lBLL01$h1426
=CAT  \\$aWR11_021$c20111124$lBLL01$h1524
=CAT  \\$aWR11_021$c20111124$lBLL01$h1531
=CAT  \\$aNPL-LOCK$b77$c20140207$lBLL01$h2156
=CAT  \\$c20140214$lBLL01$h1740
=CAT  \\$aNSB-MIG$b50$c20140215$lBLL01$h0144
=CAT  \\$aNSB-MIG$b50$c20140215$lBLL01$h0145
=CAT  \\$aNSB-MIG$b50$c20140215$lBLL01$h0151
=CAT  \\$aNSB-MIG$b50$c20140215$lBLL01$h0152
=CAT  \\$aNSB-MIG$b50$c20140215$lBLL01$h0153
=CAT  \\$aNSB-MIG$b50$c20140215$lBLL01$h0154
=CAT  \\$aNSB-MIG$b50$c20140215$lBLL01$h0155
=CAT  \\$aNSB-MIG$b50$c20140215$lBLL01$h0157
=CAT  \\$aRESET-LEV$b50$c20140302$lBLL01$h2340
=CAT  \\$aW2009-0365$b00$c20201017$lBLL01$h0931
=CAT  \\$aRESET-LEV$b50$c20201017$lBLL01$h1746
=CAT  \\$aBATCH-VIT$b50$c20220214$lBLL01$h0933
=CAT  \\$aBATCH-856$b50$c20220214$lBLL01$h0937
=CAT  \\$aBATCH-UPD$b50$c20220214$lBLL01$h0951
=CAT  \\$aBATCH-856$b50$c20220301$lBLL01$h1510
=CAT  \\$aBATCH-UPD$b50$c20220301$lBLL01$h1520
=FIN  \\$aY
=FMT  \\$a  SE
=LAS  \\$aBATCH-UPD$b50$c20220301$lBLL01$h1520
=LEO  \\$aMP35.0000104150
=NID  \\$aNID0006626
=SRC  \\$aNPLv17$bbibmp35.20070831.aa
=TCO  \\$aZZZ$c008

