=LDR  03371cas a2200781u  4500
=001  013897482
=003  Uk
=005  20220301151005.0
=008  950421d19031968||||||n|||\\\\0\\\||eng\\
=019  n\$aNLC0005547
=040  \\$aUk$cUk
=082  04$a072.42$222
=245  04$aThe Bromyard News & Record.
=336  \\$atext$2rdacontent
=337  \\$aunmediated$2rdamedia
=338  \\$avolume$2rdacarrier
=500  \\$aFormed by the amalgamation of the "Bromyard News" and the "Bromyard Record".
=500  \\$aMicrofilm: 1910.
=651  \0$aBromyard (England)$vNewspapers.
=651  \0$aHereford and Worcester (England)$vNewspapers.
=752  \\$aEngland$bHereford & Worcester$dBromyard.$2blnpn
=785  00$tBromyard Record$gno.2377-2437 (6 Nov.1968-7 Jan.1970)$w013897483
=852  41$aBritish Library$bNPL$jNEWS shelfmarks - see explore.bl.uk for full holdings
=852  41$aBritish Library$bHMNTS$zMicroform.$jMFM shelfmarks - see explore.bl.uk for full holdings
=852  41$31897$aBritish Library$bNPL$cEW$j1977 [1897]
=852  41$31900$aBritish Library$bNPL$cEW$j152 [1900]
=852  41$31951$aBritish Library$bNPL$cEW$j14 [1951]
=852  41$31951$aBritish Library$bNPL$cEW$j14 [1951]
=852  41$31951$aBritish Library$bNPL$cEW$j14 [1951]
=852  41$aBritish Library$bNPL
=856  42$31910, 1913-1924, 1955-1961$uhttp://www.britishnewspaperarchive.co.uk/search/results?TitleId=BL/0003151$yBritish Newspaper Archive
=866  \0$aNewspapers :no.1-2376 (15 Oct.1903-30 Oct.1968)
=985  \\$aUpgraded by BSS-generated file for WR1910-0531
=CAT  \\$aBATCH-NPL$b00$c20070912$lBLL01$h1131
=CAT  \\$aBATCH-856$b50$c20220207$lBLL01$h0756
=CAT  \\$aBATCH-UPD$b50$c20220207$lBLL01$h0809
=CAT  \\$aBATCH-856$b50$c20220214$lBLL01$h0937
=CAT  \\$aBATCH-UPD$b50$c20220214$lBLL01$h0952
=CAT  \\$aBATCH-856$b50$c20220301$lBLL01$h1510
=CAT  \\$aBATCH-UPD$b50$c20220301$lBLL01$h1521
=CAT  \\$aRESET-LEV$b50$c20220302$lBLL01$h0054
=CAT  \\$aRESET-LEV$b50$c20220402$lBLL01$h1726
=CAT  \\$aRESET-LEV$b50$c20220502$lBLL01$h0240
=CAT  \\$aRESET-LEV$b50$c20220602$lBLL01$h2124
=CAT  \\$aRESET-LEV$b50$c20220702$lBLL01$h1727
=CAT  \\$aRESET-LEV$b50$c20220802$lBLL01$h0352
=CAT  \\$aRESET-LEV$b50$c20220902$lBLL01$h2220
=CAT  \\$aRESET-LEV$b50$c20221003$lBLL01$h0412
=CAT  \\$aRESET-LEV$b50$c20221102$lBLL01$h0232
=CAT  \\$aRESET-LEV$b50$c20221202$lBLL01$h2223
=CAT  \\$aRESET-LEV$b50$c20230102$lBLL01$h0258
=CAT  \\$aRESET-LEV$b50$c20230202$lBLL01$h2125
=CAT  \\$aRESET-LEV$b50$c20230302$lBLL01$h2133
=CAT  \\$aRESET-LEV$b50$c20230403$lBLL01$h0239
=CAT  \\$aRESET-LEV$b50$c20230502$lBLL01$h0322
=CAT  \\$aRESET-LEV$b50$c20230602$lBLL01$h2224
=CAT  \\$aRESET-LEV$b50$c20230703$lBLL01$h0506
=CAT  \\$aRESET-LEV$b50$c20230802$lBLL01$h0208
=CAT  \\$aRESET-LEV$b50$c20230902$lBLL01$h1736
=CAT  \\$aRESET-LEV$b50$c20231002$lBLL01$h0440
=FIN  \\$aY
=FMT  \\$a  SE
=LAS  \\$aRESET-LEV$b50$c20231002$lBLL01$h0440
=LEO  \\$aMP35.0000105429
=LKR  \\$aPAR$lBLL01$r78500$nBromyard Record - no.2377-2437 (6 Nov.1968-7 Jan.1970)$b013897483$mThe Bromyard News & Record. - no.1-2376 (15 Oct.1903-30 Oct.1968)
=NID  \\$aNID0007882
=SRC  \\$aNPLv17$bbibmp35.20070831.aa
=TCO  \\$aZZZ$c008

