=LDR  03351cas a2200781u  4500
=001  013897663
=003  Uk
=005  20220301151005.0
=008  950421d18651906||||||n|||\\\\0\\\||eng\\
=019  n\$aNLC0005700
=040  \\$aUk$cUk
=082  04$a072.857$222
=245  00$aSouth Durham & Cleveland Mercury.
=336  \\$atext$2rdacontent
=337  \\$aunmediated$2rdamedia
=338  \\$avolume$2rdacarrier
=500  \\$aA continuation of the "Stockton & Hartlepool Mercury and Middlesborough News", which is entered under Stockton-On-Tees.
=500  \\$aIncorporated with "South Durham and Auckland Chronicle".
=500  \\$aWanting 1872,1897.
=500  \\$aHard copy and microfilm.
=651  \0$aCleveland (England)$vNewspapers.
=651  \0$aHartlepool (England)$vNewspapers.
=752  \\$aEngland$bCleveland$dHartlepool.$2blnpn
=852  41$31897$aBritish Library$bNPL$cEW$j599 [1897]
=852  41$31896$aBritish Library$bNPL$cLON$j82 [1896]
=852  41$31881-2003$aBritish Library$bNPL
=852  41$31830$aBritish Library$bNPL$cEW$jP93
=852  41$aBritish Library$bNPL$jNEWS shelfmarks - see explore.bl.uk for full holdings
=852  41$aBritish Library$bHMNTS$zMicroform.$jMFM shelfmarks - see explore.bl.uk for full holdings
=852  41$aBritish Library$bNPL$jPENN shelfmarks - see explore.bl.uk for full holdings
=856  42$31869-1870, 1877$uhttp://www.britishnewspaperarchive.co.uk/search/results?TitleId=BL/0001488$yBritish Newspaper Archive
=866  \0$aNewspapers :no.1029-3355 (16 Dec.1865-28 Sept.1906)
=883  0\$aLanguage codes assigned by Bayesian analysis of words present in record$d20200826$qUk$c0.9919
=985  \\$aUpgraded by BSS-generated file for WR2009-0365
=CAT  \\$aBATCH-NPL$b00$c20070912$lBLL01$h1131
=CAT  \\$aBATCH-856$b50$c20220207$lBLL01$h0756
=CAT  \\$aBATCH-UPD$b50$c20220207$lBLL01$h0809
=CAT  \\$aBATCH-856$b50$c20220214$lBLL01$h0937
=CAT  \\$aBATCH-UPD$b50$c20220214$lBLL01$h0952
=CAT  \\$aBATCH-856$b50$c20220301$lBLL01$h1510
=CAT  \\$aBATCH-UPD$b50$c20220301$lBLL01$h1521
=CAT  \\$aRESET-LEV$b50$c20220302$lBLL01$h0054
=CAT  \\$aRESET-LEV$b50$c20220402$lBLL01$h1726
=CAT  \\$aRESET-LEV$b50$c20220502$lBLL01$h0240
=CAT  \\$aRESET-LEV$b50$c20220602$lBLL01$h2124
=CAT  \\$aRESET-LEV$b50$c20220702$lBLL01$h1727
=CAT  \\$aRESET-LEV$b50$c20220802$lBLL01$h0352
=CAT  \\$aRESET-LEV$b50$c20220902$lBLL01$h2220
=CAT  \\$aRESET-LEV$b50$c20221003$lBLL01$h0412
=CAT  \\$aRESET-LEV$b50$c20221102$lBLL01$h0232
=CAT  \\$aRESET-LEV$b50$c20221202$lBLL01$h2223
=CAT  \\$aRESET-LEV$b50$c20230102$lBLL01$h0258
=CAT  \\$aRESET-LEV$b50$c20230202$lBLL01$h2125
=CAT  \\$aRESET-LEV$b50$c20230302$lBLL01$h2133
=CAT  \\$aRESET-LEV$b50$c20230403$lBLL01$h0239
=CAT  \\$aRESET-LEV$b50$c20230502$lBLL01$h0323
=CAT  \\$aRESET-LEV$b50$c20230602$lBLL01$h2224
=CAT  \\$aRESET-LEV$b50$c20230703$lBLL01$h0506
=CAT  \\$aRESET-LEV$b50$c20230802$lBLL01$h0208
=CAT  \\$aRESET-LEV$b50$c20230902$lBLL01$h1736
=CAT  \\$aRESET-LEV$b50$c20231002$lBLL01$h0440
=FIN  \\$aY
=FMT  \\$a  SE
=LAS  \\$aRESET-LEV$b50$c20231002$lBLL01$h0440
=LEO  \\$aMP35.0000105581
=NID  \\$aNID0008055
=SRC  \\$aNPLv17$bbibmp35.20070831.aa
=TCO  \\$aZZZ$c008

