=LDR  03633cas a2200793u  4500
=001  013899464
=003  Uk
=005  20220301151007.0
=008  950421d18581898||||||n|||\\\\0\\\||eng\\
=019  n\$aNLC0007298
=040  \\$aUk$cUk
=082  04$a072.523$222
=245  04$aThe Mansfield Reporter and General Advertiser for the Midland Counties.
=336  \\$atext$2rdacontent
=337  \\$aunmediated$2rdamedia
=338  \\$avolume$2rdacarrier
=500  \\$aMicrofilm: 1894,1896.
=651  \0$aMansfield (England){dollar}zNewspapers.
=651  \0$aNottinghamshire (England)$vNewspapers.
=752  \\$aEngland$bNottinghamshire$dMansfield.$2blnpn
=785  00$tMansfield Reporter and Sutton-in-Ashfield Times$gno.2135-5186 (14 Oct.1898-5 Jan.1956)$w013899465
=852  41$aBritish Library$bNPL
=852  41$31859; Unfit for use$aBritish Library$bNPL$cEW$jS187 [1859]
=852  41$31888$aBritish Library$bNPL$cEW$j219 [1888]
=852  41$31964$aBritish Library$bNPL$j2615 [1964]
=852  41$aBritish Library$bNPL$jNEWS shelfmarks - see explore.bl.uk for full holdings
=852  41$aBritish Library$bHMNTS$zMicroform.$jMFM shelfmarks - see explore.bl.uk for full holdings
=852  41$aBritish Library$bNPL$jPENN shelfmarks - see explore.bl.uk for full holdings
=852  41$31861; Shelved with 1863$aBritish Library$bNPL$cEW$j1488 [1863]
=856  42$31859, 1878-1894$uhttp://www.britishnewspaperarchive.co.uk/search/results?TitleId=BL/0002001$yBritish Newspaper Archive
=866  \0$aNewspapers :no.1-2134 (2 Jan.1858-7 Oct.1898)
=883  0\$aLanguage codes assigned by Bayesian analysis of words present in record$d20200826$qUk$c0.9919
=985  \\$aDisaggregated Record: NPL
=985  \\$aUpgraded by BSS-generated file for WR2009-0365
=CAT  \\$aBATCH-NPL$b00$c20070912$lBLL01$h1133
=CAT  \\$aBATCH-856$b50$c20220207$lBLL01$h0756
=CAT  \\$aBATCH-UPD$b50$c20220207$lBLL01$h0810
=CAT  \\$aBATCH-856$b50$c20220214$lBLL01$h0937
=CAT  \\$aBATCH-UPD$b50$c20220214$lBLL01$h0953
=CAT  \\$aBATCH-856$b50$c20220301$lBLL01$h1510
=CAT  \\$aBATCH-UPD$b50$c20220301$lBLL01$h1522
=CAT  \\$aRESET-LEV$b50$c20220302$lBLL01$h0054
=CAT  \\$aRESET-LEV$b50$c20220402$lBLL01$h1726
=CAT  \\$aRESET-LEV$b50$c20220502$lBLL01$h0241
=CAT  \\$aRESET-LEV$b50$c20220602$lBLL01$h2125
=CAT  \\$aRESET-LEV$b50$c20220702$lBLL01$h1728
=CAT  \\$aRESET-LEV$b50$c20220802$lBLL01$h0352
=CAT  \\$aRESET-LEV$b50$c20220902$lBLL01$h2220
=CAT  \\$aRESET-LEV$b50$c20221003$lBLL01$h0413
=CAT  \\$aRESET-LEV$b50$c20221102$lBLL01$h0232
=CAT  \\$aRESET-LEV$b50$c20221202$lBLL01$h2224
=CAT  \\$aRESET-LEV$b50$c20230102$lBLL01$h0258
=CAT  \\$aRESET-LEV$b50$c20230202$lBLL01$h2126
=CAT  \\$aRESET-LEV$b50$c20230302$lBLL01$h2134
=CAT  \\$aRESET-LEV$b50$c20230403$lBLL01$h0240
=CAT  \\$aRESET-LEV$b50$c20230502$lBLL01$h0323
=CAT  \\$aRESET-LEV$b50$c20230602$lBLL01$h2225
=CAT  \\$aRESET-LEV$b50$c20230703$lBLL01$h0506
=CAT  \\$aRESET-LEV$b50$c20230802$lBLL01$h0208
=CAT  \\$aRESET-LEV$b50$c20230902$lBLL01$h1737
=CAT  \\$aRESET-LEV$b50$c20231002$lBLL01$h0441
=FIN  \\$aY
=FMT  \\$a  SE
=LAS  \\$aRESET-LEV$b50$c20231002$lBLL01$h0441
=LEO  \\$aMP35.0000107159
=LKR  \\$aPAR$lBLL01$r78500$nMansfield Reporter and Sutton-in-Ashfield Times - no.2135-5186 (14 Oct.1898-5 Jan.1956)$b013899465$mThe Mansfield Reporter and General Advertiser for the Midland Counties. - no.1-2134 (2 Jan.1858-7 Oct.1898)
=NID  \\$aNID0009497
=SRC  \\$aNPLv17$bbibmp35.20070831.aa
=TCO  \\$aZZZ$c008

