=LDR  04618cas a2200997u  4500
=001  013899542
=003  Uk
=005  20220301151007.0
=008  950421d18921899||||||n|||\\\\0\\\||eng\\
=019  n\$aNLC0007358
=040  \\$aUk$cUk
=082  04$a072.92975$222
=245  04$aThe Merthyr Times, and Dowlais Times, and Aberdare Echo.
=336  \\$atext$2rdacontent
=337  \\$aunmediated$2rdamedia
=338  \\$avolume$2rdacarrier
=500  \\$aMicrofilm: 1897.
=651  \0$aMerthyr Tydfil (Wales)$vNewspapers.
=651  \0$aMid Glamorgan (Wales)$vNewspapers.
=752  \\$aWales$bMid Glamorgan$dMerthyr Tydfil.$2blnpn
=780  00$tMerthyr and Dowlais Times, etc$gno.4-81 (12 June 1891-9 Dec.1892)$w013899541
=852  41$aBritish Library$bNPL
=852  41$31855-1985$aBritish Library$bNPL$jNEWS361
=852  41$31859; Unfit for use$aBritish Library$bNPL$cEW$jS187 [1859]
=852  41$32010-24th Jun. (2021)$aBritish Library$bNPL$jNEWS.REG736
=852  41$31894-1985$aBritish Library$bNPL$jNEWS1501
=852  41$31986-1987$aBritish Library$bHMNTS$zMicroform.$jMFM.SP462
=852  41$31839-1960$aBritish Library$bNPL$jNEWS1813
=852  41$31847$aBritish Library$bHMNTS$zMicroform.$jMFM.M23647 [1847]
=852  41$31851-1853$aBritish Library$bHMNTS$zMicroform.$jMFM.M21210 [1851-1853]
=852  41$31854$aBritish Library$bHMNTS$zMicroform.$jMFM.M21211 [1854]
=852  41$31859$aBritish Library$bHMNTS$zMicroform.$jMFM.M23648 [1859]
=852  41$31877$aBritish Library$bHMNTS$zMicroform.$jMFM.M26011 [1877]
=852  41$31878$aBritish Library$bHMNTS$zMicroform.$jMFM.M36136 [1878]
=852  41$31889$aBritish Library$bHMNTS$zMicroform.$jMFM.M30167 [1889]
=852  41$31896$aBritish Library$bHMNTS$zMicroform.$jMFM.M19174 [1896]
=852  41$31898$aBritish Library$bHMNTS$zMicroform.$jMFM.M1920 [1898]
=852  41$31911$aBritish Library$bHMNTS$zMicroform.$jMFM.M10557 [1911]
=852  41$31892-1899$aBritish Library$bNPL$jNEWS5827
=852  41$31892$aBritish Library$bHMNTS$zMicroform.$jMFM.M70657 [1892]
=852  41$31893$aBritish Library$bHMNTS$zMicroform.$jMFM.M70658 [1893]
=852  41$31894$aBritish Library$bHMNTS$zMicroform.$jMFM.M70659 [1894]
=852  41$31895$aBritish Library$bHMNTS$zMicroform.$jMFM.M70660 [1895]
=852  41$31896$aBritish Library$bHMNTS$zMicroform.$jMFM.M70661 [1896]
=852  41$31897$aBritish Library$bHMNTS$zMicroform.$jMFM.M2170 [1897]
=852  41$31898$aBritish Library$bHMNTS$zMicroform.$jMFM.M70662 [1898]
=852  41$31899$aBritish Library$bHMNTS$zMicroform.$jMFM.M70663 [1899]
=856  42$31892-1899$uhttp://www.britishnewspaperarchive.co.uk/search/results?TitleId=BL/0000911$yBritish Newspaper Archive
=866  \0$aNewspapers :no.82-433 (16 Dec.1892-6 Oct.1899)
=883  0\$aLanguage codes assigned by Bayesian analysis of words present in record$d20200826$qUk$c0.9919
=985  \\$aDisaggregated Record: NPL
=985  \\$aUpgraded by BSS-generated file for WR2009-0365
=CAT  \\$aBATCH-NPL$b00$c20070912$lBLL01$h1133
=CAT  \\$aBATCH-856$b50$c20220207$lBLL01$h0756
=CAT  \\$aBATCH-UPD$b50$c20220207$lBLL01$h0810
=CAT  \\$aBATCH-856$b50$c20220214$lBLL01$h0937
=CAT  \\$aBATCH-UPD$b50$c20220214$lBLL01$h0953
=CAT  \\$aBATCH-856$b50$c20220301$lBLL01$h1510
=CAT  \\$aBATCH-UPD$b50$c20220301$lBLL01$h1522
=CAT  \\$aRESET-LEV$b50$c20220302$lBLL01$h0054
=CAT  \\$aRESET-LEV$b50$c20220402$lBLL01$h1726
=CAT  \\$aRESET-LEV$b50$c20220502$lBLL01$h0241
=CAT  \\$aRESET-LEV$b50$c20220602$lBLL01$h2125
=CAT  \\$aRESET-LEV$b50$c20220702$lBLL01$h1728
=CAT  \\$aRESET-LEV$b50$c20220802$lBLL01$h0352
=CAT  \\$aRESET-LEV$b50$c20220902$lBLL01$h2220
=CAT  \\$aRESET-LEV$b50$c20221003$lBLL01$h0413
=CAT  \\$aRESET-LEV$b50$c20221102$lBLL01$h0232
=CAT  \\$aRESET-LEV$b50$c20221202$lBLL01$h2224
=CAT  \\$aRESET-LEV$b50$c20230102$lBLL01$h0258
=CAT  \\$aRESET-LEV$b50$c20230202$lBLL01$h2126
=CAT  \\$aRESET-LEV$b50$c20230302$lBLL01$h2134
=CAT  \\$aRESET-LEV$b50$c20230403$lBLL01$h0240
=CAT  \\$aRESET-LEV$b50$c20230502$lBLL01$h0323
=CAT  \\$aRESET-LEV$b50$c20230602$lBLL01$h2225
=CAT  \\$aRESET-LEV$b50$c20230703$lBLL01$h0506
=CAT  \\$aRESET-LEV$b50$c20230802$lBLL01$h0208
=CAT  \\$aRESET-LEV$b50$c20230902$lBLL01$h1737
=CAT  \\$aRESET-LEV$b50$c20231002$lBLL01$h0441
=FIN  \\$aY
=FMT  \\$a  SE
=LAS  \\$aRESET-LEV$b50$c20231002$lBLL01$h0441
=LEO  \\$aMP35.0000107219.2
=NID  \\$aNID0009570
=SRC  \\$aNPLv17$bbibmp35.20070831.aa
=TCO  \\$aZZZ$c008

