=LDR  04790cas a2201093u  4500
=001  013899559
=003  Uk
=005  20221231214502.0
=007  ta
=008  950421c18929999wlkuu\n\\\\\\\0\\\a0wel\\
=019  n\$aNLC0007370
=019  c\$a2532606
=040  \\$aUk$cUk$dUk
=082  04$a072.92975$222
=245  02$aY Tyst.
=336  \\$atext$2rdacontent
=337  \\$aunmediated$2rdamedia
=338  \\$avolume$2rdacarrier
=500  \\$aMicrofilm: 1890,1891,1893.
=540  \\$aCurrent Copyright Fee: GBP25.00$c0$5Uk
=651  \0$aMerthyr Tydfil (Wales)$vNewspapers.
=651  \0$aMid Glamorgan (Wales)$vNewspapers.
=752  \\$aWales$bMid Glamorgan$dMerthyr Tydfil.$2blnpn
=780  00$tTyst a'r dydd
=852  41$31980-2003$aBritish Library$bNPL$jNEWS10204
=852  41$31937-1947$aBritish Library$bNPL$jNEWS9214
=852  41$31928$aBritish Library$bNPL$jNEWS9394
=852  41$31980-2003$aBritish Library$bNPL$jNEWS10204
=852  41$31980-2003$aBritish Library$bNPL$jNEWS10204
=852  41$31980-2003$aBritish Library$bNPL$jNEWS10204
=852  41$31980-2003$aBritish Library$bNPL$jNEWS10204
=852  41$31980-2003$aBritish Library$bNPL$jNEWS10204
=852  41$31894-1896$aBritish Library$bNPL$jNEWS9669
=852  41$31897$aBritish Library$bHMNTS$zMicroform.$jMFM.M1822 [1897]
=852  41$31980-2003$aBritish Library$bNPL$jNEWS10204
=852  41$31955-2009$aBritish Library$bNPL$jNEWS9453
=852  41$32010$aBritish Library$bNPL$jNEWS.REG1667
=852  41$aBritish Library$bNPL
=852  41$aBritish Library$bNPL$3Rhif 1089 (1 Jan. 1892)-
=852  41$31892-2009$aBritish Library$bNPL$jNEWS5840
=852  41$31893$aBritish Library$bHMNTS$zMicroform.$jMFM.M2340 [1893]
=852  41$32010-$aBritish Library$bNPL$jNEWS.REG1664
=856  42$31892-1893$uhttp://www.britishnewspaperarchive.co.uk/search/results?TitleId=BL/0003449$yBritish Newspaper Archive
=945  \\$aTYST -MERTHYR TYDFIL-.
=979  \\$aBritish Library$bDSC$j9077.752000N
=ACF  \\$aPrevious copyright fee: GBP9.00$c0$e01-apr-2010$fGBP9.00$g0$hA$5Uk
=ACF  \\$aPrevious copyright fee: GBP6.00$c0$e01-apr-2008$fGBP6.00$g0$hA$5Uk
=ACF  \\$aPrevious copyright fee: GBP5.00$c0$e01-jul-2002$fGBP5.00$g0$hA$5Uk
=ACF  \\$aCurrent copyright fee: GBP4.40$c0$e01-jul-1998$fGBP4.40$g0$hA$5Uk
=ACF  \\$aCurrent copyright fee: GBP4.20$c0$e01-apr-1997$fGBP4.20$g0$hA$5Uk
=ACF  \\$aPrevious copyright fee: GBP10.50$c0$e01-jan-2011$fGBP10.50$g0$hA$5Uk
=ACF  \\$aPrevious copyright fee: GBP12.00$c0$e01-jan-2012$fGBP12.00$g0$hA$5Uk
=ACF  \\$aPrevious Copyright Fee: GBP12.30$c0$e01-jan-2014$fGBP12.30$g0$hA$5Uk
=ACF  \\$aPrevious Copyright Fee: GBP15.00$c0$e01-jan-2017$fGBP15.00$g0$hA$5Uk
=ACF  \\$aPrevious Copyright Fee: GBP17.50$c0$e01-jan-2018$fGBP17.50$g0$hA$5Uk
=ACF  \\$aPrevious Copyright Fee: GBP20.00$c0$e01-jan-2020$fGBP20.00$g0$hA$5Uk
=CAT  \\$aBATCH-NPL$b00$c20070912$lBLL01$h1133
=CAT  \\$aBATCH-UPD$b50$c20220214$lBLL01$h0953
=CAT  \\$aBATCH-856$b50$c20220301$lBLL01$h1510
=CAT  \\$aBATCH-UPD$b50$c20220301$lBLL01$h1522
=CAT  \\$aRESET-LEV$b50$c20220302$lBLL01$h0054
=CAT  \\$aRESET-LEV$b50$c20220402$lBLL01$h1726
=CAT  \\$aRESET-LEV$b50$c20220502$lBLL01$h0241
=CAT  \\$aRESET-LEV$b50$c20220602$lBLL01$h2125
=CAT  \\$aRESET-LEV$b50$c20220702$lBLL01$h1728
=CAT  \\$aRESET-LEV$b50$c20220802$lBLL01$h0352
=CAT  \\$aRESET-LEV$b50$c20220902$lBLL01$h2220
=CAT  \\$aRESET-LEV$b50$c20221003$lBLL01$h0413
=CAT  \\$aRESET-LEV$b50$c20221102$lBLL01$h0232
=CAT  \\$aRESET-LEV$b50$c20221202$lBLL01$h2224
=CAT  \\$aBATCH-CLA$b00$c20221221$lBLL01$h1855
=CAT  \\$aRESET-LEV$b50$c20221221$lBLL01$h2132
=CAT  \\$aIPL-CLA$c20221231$lBLL01$h2145
=CAT  \\$aRESET-LEV$b50$c20230102$lBLL01$h0258
=CAT  \\$aRESET-LEV$b50$c20230202$lBLL01$h2126
=CAT  \\$aRESET-LEV$b50$c20230302$lBLL01$h2134
=CAT  \\$aRESET-LEV$b50$c20230403$lBLL01$h0240
=CAT  \\$aRESET-LEV$b50$c20230502$lBLL01$h0323
=CAT  \\$aRESET-LEV$b50$c20230602$lBLL01$h2225
=CAT  \\$aRESET-LEV$b50$c20230703$lBLL01$h0506
=CAT  \\$aRESET-LEV$b50$c20230802$lBLL01$h0208
=CAT  \\$aRESET-LEV$b50$c20230902$lBLL01$h1738
=CAT  \\$aRESET-LEV$b50$c20231002$lBLL01$h0441
=CFI  0\$aCurrent Copyright Fee: GBP25.00$c0$e01-jan-2023$fGBP25.00$g0$hA$5Uk
=CFI  2\$aPrevious Copyright Fee: GBP22.50$c0$e01-jan-2021$fGBP22.50$g0$hA$5Uk
=FIN  \\$aY
=FMT  \\$a  SE
=LAS  \\$aRESET-LEV$b50$c20231002$lBLL01$h0441
=LEO  \\$aMP35.0000107231.1
=LEO  \\$aMP10.0000589006
=NID  \\$aNID0100409
=SRC  \\$aNPLv17$bbibmp35.20070831.aa
=SRC  \\$aDSS01$bbibmp10.200404.2.aa
=TCO  \\$aCLA$bCLA$c008

