=LDR  03362cas a2200769u  4500
=001  013899835
=003  Uk
=005  20220301151008.0
=008  950421d18571869||||||n|||\\\\0\\\||eng\\
=019  n\$aNLC0007623
=040  \\$aUk$cUk
=082  04$a072.92991$222
=245  04$aThe Newport Gazette, and General Record and Advertiser for Caerleon, Pontypool, etc.
=336  \\$atext$2rdacontent
=337  \\$aunmediated$2rdamedia
=338  \\$avolume$2rdacarrier
=651  \0$aGwent (Wales)$vNewspapers.
=651  \0$aNewport (Gwent, Wales)$vNewspapers.
=752  \\$aWales$bGwent$dNewport.$2blnpn
=785  00$tWeekly Gazette$gno.685-785 (7 Jan.1871-7 Dec.1872)$w013899836
=852  41$aBritish Library$bNPL
=852  41$31859; Unfit for use$aBritish Library$bNPL$cEW$jS187 [1859]
=852  41$31899$aBritish Library$bNPL$cEW$j833 [1899]
=852  41$aBritish Library$bNPL$jNEWS shelfmarks - see explore.bl.uk for full holdings
=852  41$aBritish Library$bHMNTS$zMicroform.$jMFM shelfmarks - see explore.bl.uk for full holdings
=856  42$31857-1869$uhttp://www.britishnewspaperarchive.co.uk/search/results?TitleId=BL/0004330$yBritish Newspaper Archive
=866  \0$aNewspapers :no.1-631 (3 Oct.1857-25 Dec.1869)
=883  0\$aLanguage codes assigned by Bayesian analysis of words present in record$d20200826$qUk$c0.9919
=985  \\$aDisaggregated Record: NPL
=985  \\$aUpgraded by BSS-generated file for WR2009-0365
=CAT  \\$aBATCH-NPL$b00$c20070912$lBLL01$h1133
=CAT  \\$aBATCH-856$b50$c20220207$lBLL01$h0756
=CAT  \\$aBATCH-UPD$b50$c20220207$lBLL01$h0811
=CAT  \\$aBATCH-856$b50$c20220214$lBLL01$h0937
=CAT  \\$aBATCH-UPD$b50$c20220214$lBLL01$h0954
=CAT  \\$aBATCH-856$b50$c20220301$lBLL01$h1510
=CAT  \\$aBATCH-UPD$b50$c20220301$lBLL01$h1522
=CAT  \\$aRESET-LEV$b50$c20220302$lBLL01$h0054
=CAT  \\$aRESET-LEV$b50$c20220402$lBLL01$h1726
=CAT  \\$aRESET-LEV$b50$c20220502$lBLL01$h0241
=CAT  \\$aRESET-LEV$b50$c20220602$lBLL01$h2125
=CAT  \\$aRESET-LEV$b50$c20220702$lBLL01$h1728
=CAT  \\$aRESET-LEV$b50$c20220802$lBLL01$h0352
=CAT  \\$aRESET-LEV$b50$c20220902$lBLL01$h2220
=CAT  \\$aRESET-LEV$b50$c20221003$lBLL01$h0413
=CAT  \\$aRESET-LEV$b50$c20221102$lBLL01$h0232
=CAT  \\$aRESET-LEV$b50$c20221202$lBLL01$h2224
=CAT  \\$aRESET-LEV$b50$c20230102$lBLL01$h0259
=CAT  \\$aRESET-LEV$b50$c20230202$lBLL01$h2126
=CAT  \\$aRESET-LEV$b50$c20230302$lBLL01$h2134
=CAT  \\$aRESET-LEV$b50$c20230403$lBLL01$h0240
=CAT  \\$aRESET-LEV$b50$c20230502$lBLL01$h0323
=CAT  \\$aRESET-LEV$b50$c20230602$lBLL01$h2225
=CAT  \\$aRESET-LEV$b50$c20230703$lBLL01$h0506
=CAT  \\$aRESET-LEV$b50$c20230802$lBLL01$h0208
=CAT  \\$aRESET-LEV$b50$c20230902$lBLL01$h1738
=CAT  \\$aRESET-LEV$b50$c20231002$lBLL01$h0442
=FIN  \\$aY
=FMT  \\$a  SE
=LAS  \\$aRESET-LEV$b50$c20231002$lBLL01$h0442
=LEO  \\$aMP35.0000107482
=LEO  \\$aTC.40494
=LKR  \\$aPAR$lBLL01$r78500$nWeekly Gazette - no.685-785 (7 Jan.1871-7 Dec.1872)$b013899836$mThe Newport Gazette, and General Record and Advertiser for Caerleon, Pontypool, etc. - no.1-631 (3 Oct.1857-25 Dec.1869)
=NID  \\$aNID0009816
=SRC  \\$aNPLv17$bbibmp35.20070831.aa
=SRC  \\$aNPLv17$bbibtc.20070831.aa
=TCO  \\$aZZZ$c008

