=LDR  03258cas a2200769u  4500
=001  013900356
=003  Uk
=005  20220301151008.0
=008  950421d18601962||||||n|||\\\\0\\\||eng\\
=019  n\$aNLC0008096
=040  \\$aUk$cUk
=082  04$a072.786$222
=245  00$aPenrith Observer.
=336  \\$atext$2rdacontent
=337  \\$aunmediated$2rdamedia
=338  \\$avolume$2rdacarrier
=500  \\$aMicrofilm only: 1897,1898.
=651  \0$aCumbria (England)$vNewspapers.
=651  \0$aPenrith (England)$vNewspapers.
=752  \\$aEngland$bCumbria$dPenrith.$2blnpn
=785  00$tObserver of Penrith$gno.5067-5389 (8 Jan.1963-3 Sept.1968)$w013900357
=852  41$31881-2003$aBritish Library$bNPL
=852  41$31881-2003$aBritish Library$bNPL
=852  41$31859$aBritish Library$bNPL$cEW$j646 [1859]
=852  41$31880$aBritish Library$bNPL$cEW$j409 [1880]
=852  41$31888$aBritish Library$bNPL$cEW$j1158 [1888]
=852  41$aBritish Library$bNPL$jNEWS shelfmarks - see explore.bl.uk for full holdings
=852  41$aBritish Library$bHMNTS$zMicroform.$jMFM shelfmarks - see explore.bl.uk for full holdings
=852  41$aBritish Library$bNPL$jPENN shelfmarks - see explore.bl.uk for full holdings
=856  42$31860-1878, 1880-1960$uhttp://www.britishnewspaperarchive.co.uk/search/results?TitleId=BL/0002296$yBritish Newspaper Archive
=866  \0$aNewspapers :no.1-5066 (31 Dec.1860-31 Dec.1962)
=985  \\$aDisaggregated Record: NPL
=CAT  \\$aBATCH-NPL$b00$c20070912$lBLL01$h1134
=CAT  \\$aBATCH-856$b50$c20220207$lBLL01$h0756
=CAT  \\$aBATCH-UPD$b50$c20220207$lBLL01$h0811
=CAT  \\$aBATCH-856$b50$c20220214$lBLL01$h0937
=CAT  \\$aBATCH-UPD$b50$c20220214$lBLL01$h0954
=CAT  \\$aBATCH-856$b50$c20220301$lBLL01$h1510
=CAT  \\$aBATCH-UPD$b50$c20220301$lBLL01$h1523
=CAT  \\$aRESET-LEV$b50$c20220302$lBLL01$h0054
=CAT  \\$aRESET-LEV$b50$c20220402$lBLL01$h1726
=CAT  \\$aRESET-LEV$b50$c20220502$lBLL01$h0241
=CAT  \\$aRESET-LEV$b50$c20220602$lBLL01$h2125
=CAT  \\$aRESET-LEV$b50$c20220702$lBLL01$h1728
=CAT  \\$aRESET-LEV$b50$c20220802$lBLL01$h0352
=CAT  \\$aRESET-LEV$b50$c20220902$lBLL01$h2220
=CAT  \\$aRESET-LEV$b50$c20221003$lBLL01$h0413
=CAT  \\$aRESET-LEV$b50$c20221102$lBLL01$h0232
=CAT  \\$aRESET-LEV$b50$c20221202$lBLL01$h2224
=CAT  \\$aRESET-LEV$b50$c20230102$lBLL01$h0259
=CAT  \\$aRESET-LEV$b50$c20230202$lBLL01$h2126
=CAT  \\$aRESET-LEV$b50$c20230302$lBLL01$h2134
=CAT  \\$aRESET-LEV$b50$c20230403$lBLL01$h0240
=CAT  \\$aRESET-LEV$b50$c20230502$lBLL01$h0323
=CAT  \\$aRESET-LEV$b50$c20230602$lBLL01$h2225
=CAT  \\$aRESET-LEV$b50$c20230703$lBLL01$h0507
=CAT  \\$aRESET-LEV$b50$c20230802$lBLL01$h0208
=CAT  \\$aRESET-LEV$b50$c20230902$lBLL01$h1738
=CAT  \\$aRESET-LEV$b50$c20231002$lBLL01$h0442
=FIN  \\$aY
=FMT  \\$a  SE
=LAS  \\$aRESET-LEV$b50$c20231002$lBLL01$h0442
=LEO  \\$aMP35.0000107946
=LKR  \\$aPAR$lBLL01$r78500$nObserver of Penrith - no.5067-5389 (8 Jan.1963-3 Sept.1968)$b013900357$mPenrith Observer. - no.1-5066 (31 Dec.1860-31 Dec.1962)
=NID  \\$aNID0010264
=SRC  \\$aNPLv17$bbibmp35.20070831.aa
=TCO  \\$aZZZ$c008

