=LDR  03546cas a2200853u  4500
=001  013900700
=003  Uk
=005  20220301151009.0
=008  950421d18601902||||||n|||\\\\0\\\||eng\\
=019  n\$aNLC0008403
=040  \\$aUk$cUk
=082  04$a072.815$222
=245  04$aThe Wakefield Free Press, and West Riding Advertiser.
=336  \\$atext$2rdacontent
=337  \\$aunmediated$2rdamedia
=338  \\$avolume$2rdacarrier
=500  \\$aDiscontinued.
=500  \\$aWanting 1892.
=500  \\$a1873 imperfect.
=500  \\$aMicrofilm: 1874,1888,1893,1897.
=651  \0$aWakefield (England)$vNewspapers.
=651  \0$aWest Yorkshire (England)$vNewspapers.
=752  \\$aEngland$bWest Yorkshire$dWakefield.$2blnpn
=852  41$31849$aBritish Library$bNPL$cEW$j629 [1849]
=852  41$aBritish Library$bNPL
=852  41$31859; Unfit for use$aBritish Library$bNPL$cEW$jS187 [1859]
=852  41$31864$aBritish Library$bNPL$cEW$j1772 [1864]
=852  41$31868$aBritish Library$bNPL$cEW$jM78772
=852  41$31867$aBritish Library$bNPL$cEW$jM78771
=852  41$31866$aBritish Library$bNPL$cEW$jM78770
=852  41$31864$aBritish Library$bNPL$cEW$j1772 [1864]
=852  41$31868$aBritish Library$bNPL$cEW$jM78772
=852  41$31867$aBritish Library$bNPL$cEW$jM78771
=852  41$31866$aBritish Library$bNPL$cEW$jM78770
=852  41$aBritish Library$bNPL$jNEWS shelfmarks - see explore.bl.uk for full holdings
=852  41$aBritish Library$bHMNTS$zMicroform.$jMFM shelfmarks - see explore.bl.uk for full holdings
=856  42$31860-1891, 1894-1900$uhttp://www.britishnewspaperarchive.co.uk/search/results?TitleId=BL/0002893$yBritish Newspaper Archive
=866  \0$aNewspapers :no.1-2347 (24 Nov.1860-15 Feb.1902)
=883  0\$aLanguage codes assigned by Bayesian analysis of words present in record$d20200826$qUk$c0.9919
=985  \\$aUpgraded by BSS-generated file for WR2009-0365
=CAT  \\$aBATCH-NPL$b00$c20070912$lBLL01$h1134
=CAT  \\$aBATCH-856$b50$c20220207$lBLL01$h0756
=CAT  \\$aBATCH-UPD$b50$c20220207$lBLL01$h0811
=CAT  \\$aBATCH-856$b50$c20220214$lBLL01$h0937
=CAT  \\$aBATCH-UPD$b50$c20220214$lBLL01$h0955
=CAT  \\$aBATCH-856$b50$c20220301$lBLL01$h1510
=CAT  \\$aBATCH-UPD$b50$c20220301$lBLL01$h1523
=CAT  \\$aRESET-LEV$b50$c20220302$lBLL01$h0054
=CAT  \\$aRESET-LEV$b50$c20220402$lBLL01$h1726
=CAT  \\$aRESET-LEV$b50$c20220502$lBLL01$h0241
=CAT  \\$aRESET-LEV$b50$c20220602$lBLL01$h2125
=CAT  \\$aRESET-LEV$b50$c20220702$lBLL01$h1728
=CAT  \\$aRESET-LEV$b50$c20220802$lBLL01$h0352
=CAT  \\$aRESET-LEV$b50$c20220902$lBLL01$h2220
=CAT  \\$aRESET-LEV$b50$c20221003$lBLL01$h0413
=CAT  \\$aRESET-LEV$b50$c20221102$lBLL01$h0232
=CAT  \\$aRESET-LEV$b50$c20221202$lBLL01$h2224
=CAT  \\$aRESET-LEV$b50$c20230102$lBLL01$h0259
=CAT  \\$aRESET-LEV$b50$c20230202$lBLL01$h2126
=CAT  \\$aRESET-LEV$b50$c20230302$lBLL01$h2134
=CAT  \\$aRESET-LEV$b50$c20230403$lBLL01$h0240
=CAT  \\$aRESET-LEV$b50$c20230502$lBLL01$h0323
=CAT  \\$aRESET-LEV$b50$c20230602$lBLL01$h2225
=CAT  \\$aRESET-LEV$b50$c20230703$lBLL01$h0507
=CAT  \\$aRESET-LEV$b50$c20230802$lBLL01$h0208
=CAT  \\$aRESET-LEV$b50$c20230902$lBLL01$h1738
=CAT  \\$aRESET-LEV$b50$c20231002$lBLL01$h0442
=FIN  \\$aY
=FMT  \\$a  SE
=LAS  \\$aRESET-LEV$b50$c20231002$lBLL01$h0442
=LEO  \\$aMP35.0000108246
=NID  \\$aNID0010543
=SRC  \\$aNPLv17$bbibmp35.20070831.aa
=TCO  \\$aZZZ$c008

