=LDR  04336cas a22008897a 4500
=001  013901129
=003  Uk
=005  20220301151009.0
=007  hd\afa015bacu
=008  950421c17729999enkwu\nea\\\\\0\\\a0eng\\
=019  n\$aNLC0008789
=022  1\$a0965-6464
=040  \\$aUk$cUk
=082  04$a072.2735$222
=245  04$aThe Hampshire chronicle$h[microform].
=336  \\$atext$2rdacontent
=337  \\$amicroform$2rdamedia
=338  \\$amicrofilm reel$2rdacarrier
=500  \\$aFrom 24 Aug.1772 to May 1778 published at Southampton.
=651  \0$aHampshire (England)$vNewspapers.
=651  \0$aWinchester (England)$vNewspapers.
=752  \\$aEngland$bHampshire$dWinchester.$2blnpn
=852  41$aBritish Library$bNPL$3No. 1 (24 Aug. 1772)-no. 3294 (27 Dec. 1830)***Copied from issues held by the publisher. See separate records for print holdings and microfilm copied from print holdings.
=852  41$31772-1781$aBritish Library$bHMNTS$zMicroform.$jMFM.M714-6
=852  41$31821$aBritish Library$bHMNTS$zMicroform.$jMFM.M729 [1821]
=852  41$31822-1824$aBritish Library$bHMNTS$zMicroform.$jMFM.M730 [1822-1824]
=852  41$31825-1827$aBritish Library$bHMNTS$zMicroform.$jMFM.M731 [1825-1827]
=852  41$31828$aBritish Library$bHMNTS$zMicroform.$jMFM.M732 [1828]
=852  41$31782-1784$aBritish Library$bHMNTS$zMicroform.$jMFM.M717 [1782-1784]
=852  41$31785-1787$aBritish Library$bHMNTS$zMicroform.$jMFM.M718 [1785-1787]
=852  41$31788-1791$aBritish Library$bHMNTS$zMicroform.$jMFM.M719 [1788-1791]
=852  41$31792-1794$aBritish Library$bHMNTS$zMicroform.$jMFM.M720 [1792-1794]
=852  41$31795-1797$aBritish Library$bHMNTS$zMicroform.$jMFM.M721 [1795-1797]
=852  41$31798-1800$aBritish Library$bHMNTS$zMicroform.$jMFM.M722 [1798-1800]
=852  41$31801-1803$aBritish Library$bHMNTS$zMicroform.$jMFM.M723 [1801-1803]
=852  41$31829-1830$aBritish Library$bHMNTS$zMicroform.$jMFM.M732 [1829-1830]
=852  41$31804-1806$aBritish Library$bHMNTS$zMicroform.$jMFM.M724 [1804-1806]
=852  41$31807-1809$aBritish Library$bHMNTS$zMicroform.$jMFM.M725 [1807-1809]
=852  41$31810-1812$aBritish Library$bHMNTS$zMicroform.$jMFM.M726 [1810-1812]
=852  41$31813-1815$aBritish Library$bHMNTS$zMicroform.$jMFM.M727 [1813-1815]
=852  41$31816-1818$aBritish Library$bHMNTS$zMicroform.$jMFM.M728 [1816-1818]
=852  41$31819-1820$aBritish Library$bHMNTS$zMicroform.$jMFM.M729 [1819-1820]
=856  42$31772-1798, 1800-1821, 1831-1850$uhttp://www.britishnewspaperarchive.co.uk/search/results?TitleId=BL/0000230$yBritish Newspaper Archive
=985  \\$aCopied from issues held by the publisher. See separate records for print holdings and microfilm copied from print holdings.
=CAT  \\$aBATCH-NPL$b00$c20070912$lBLL01$h1134
=CAT  \\$aBATCH-UPD$b50$c20211101$lBLL01$h1405
=CAT  \\$aBATCH-856$b50$c20211108$lBLL01$h1044
=CAT  \\$aBATCH-UPD$b50$c20211108$lBLL01$h1054
=CAT  \\$aBATCH-856$b50$c20211115$lBLL01$h0940
=CAT  \\$aBATCH-UPD$b50$c20211115$lBLL01$h0951
=CAT  \\$aBATCH-856$b50$c20211122$lBLL01$h1254
=CAT  \\$aBATCH-UPD$b50$c20211122$lBLL01$h1304
=CAT  \\$aBATCH-856$b50$c20211220$lBLL01$h1031
=CAT  \\$aBATCH-UPD$b50$c20211220$lBLL01$h1107
=CAT  \\$aBATCH-856$b50$c20211228$lBLL01$h1449
=CAT  \\$aBATCH-UPD$b50$c20211228$lBLL01$h1513
=CAT  \\$aBATCH-856$b50$c20220104$lBLL01$h0957
=CAT  \\$aBATCH-UPD$b50$c20220104$lBLL01$h1013
=CAT  \\$aBATCH-856$b50$c20220110$lBLL01$h1300
=CAT  \\$aBATCH-UPD$b50$c20220110$lBLL01$h1336
=CAT  \\$aBATCH-856$b50$c20220117$lBLL01$h1433
=CAT  \\$aBATCH-UPD$b50$c20220117$lBLL01$h1451
=CAT  \\$aBATCH-856$b50$c20220131$lBLL01$h1009
=CAT  \\$aBATCH-UPD$b50$c20220131$lBLL01$h1022
=CAT  \\$aBATCH-856$b50$c20220207$lBLL01$h0756
=CAT  \\$aBATCH-UPD$b50$c20220207$lBLL01$h0812
=CAT  \\$aBATCH-856$b50$c20220214$lBLL01$h0937
=CAT  \\$aBATCH-UPD$b50$c20220214$lBLL01$h0955
=CAT  \\$aBATCH-856$b50$c20220301$lBLL01$h1510
=CAT  \\$aBATCH-UPD$b50$c20220301$lBLL01$h1523
=FIN  \\$aY
=FMT  \\$a  SE
=LAS  \\$aBATCH-UPD$b50$c20220301$lBLL01$h1523
=LEO  \\$aMP35.0000108630
=NID  \\$aNID0010909
=SRC  \\$aNPLv17$bbibmp35.20070831.aa
=TCO  \\$aCLA$bCLA$c008

