=LDR  03384cas a2200745u  4500
=001  013901282
=003  Uk
=005  20220301151009.0
=008  950421d19031951||||||n|||\\\\0\\\||eng\\
=019  n\$aNLC0008951
=040  \\$aUk$cUk
=082  04$a072.591$222
=245  04$aThe Wolverton Express and Bucks Weekly News.
=336  \\$atext$2rdacontent
=337  \\$aunmediated$2rdamedia
=338  \\$avolume$2rdacarrier
=500  \\$aContinued (in part?) by the Milton Keynes Express.
=651  \0$aBuckinghamshire (England)$vNewspapers.
=651  \0$aWolverton (Milton Keynes, England)$vNewspapers.
=752  \\$aEngland$bBuckinghamshire$dWolverton.$2blnpn
=780  00$tWolverton Express, Stantonbury Herald, Stony Stratford Standard, Bletchley Journal, and Towcester Times$gno.1-130 (17 April 1901-9 Oct.1903)$w013901281
=785  00$tWolverton Express$gno.2600-3468 (19 Jan.1951-29 Sept.1967)$w013901283
=852  41$31924$aBritish Library$bNPL
=852  41$aBritish Library$bNPL$jNEWS shelfmarks - see explore.bl.uk for full holdings
=852  41$aBritish Library$bHMNTS$zMicroform.$jMFM shelfmarks - see explore.bl.uk for full holdings
=856  42$31903-1951$uhttp://www.britishnewspaperarchive.co.uk/search/results?TitleId=BL/0004255$yBritish Newspaper Archive
=866  \0$aNewspapers :no.131-2599 (16 Oct.1903-12 Jan.1951)
=883  0\$aLanguage codes assigned by Bayesian analysis of words present in record$d20200826$qUk$c0.9919
=985  \\$aDisaggregated Record: NPL
=985  \\$aUpgraded by BSS-generated file for WR2009-0365
=CAT  \\$aBATCH-NPL$b00$c20070912$lBLL01$h1134
=CAT  \\$aBATCH-856$b50$c20220207$lBLL01$h0756
=CAT  \\$aBATCH-UPD$b50$c20220207$lBLL01$h0812
=CAT  \\$aBATCH-856$b50$c20220214$lBLL01$h0937
=CAT  \\$aBATCH-UPD$b50$c20220214$lBLL01$h0955
=CAT  \\$aBATCH-856$b50$c20220301$lBLL01$h1510
=CAT  \\$aBATCH-UPD$b50$c20220301$lBLL01$h1523
=CAT  \\$aRESET-LEV$b50$c20220302$lBLL01$h0055
=CAT  \\$aRESET-LEV$b50$c20220402$lBLL01$h1726
=CAT  \\$aRESET-LEV$b50$c20220502$lBLL01$h0241
=CAT  \\$aRESET-LEV$b50$c20220602$lBLL01$h2125
=CAT  \\$aRESET-LEV$b50$c20220702$lBLL01$h1728
=CAT  \\$aRESET-LEV$b50$c20220802$lBLL01$h0352
=CAT  \\$aRESET-LEV$b50$c20220902$lBLL01$h2221
=CAT  \\$aRESET-LEV$b50$c20221003$lBLL01$h0413
=CAT  \\$aRESET-LEV$b50$c20221102$lBLL01$h0232
=CAT  \\$aRESET-LEV$b50$c20221202$lBLL01$h2224
=CAT  \\$aRESET-LEV$b50$c20230102$lBLL01$h0259
=CAT  \\$aRESET-LEV$b50$c20230202$lBLL01$h2126
=CAT  \\$aRESET-LEV$b50$c20230302$lBLL01$h2134
=CAT  \\$aRESET-LEV$b50$c20230403$lBLL01$h0240
=CAT  \\$aRESET-LEV$b50$c20230502$lBLL01$h0323
=CAT  \\$aRESET-LEV$b50$c20230602$lBLL01$h2225
=CAT  \\$aRESET-LEV$b50$c20230703$lBLL01$h0507
=CAT  \\$aRESET-LEV$b50$c20230802$lBLL01$h0209
=CAT  \\$aRESET-LEV$b50$c20230902$lBLL01$h1738
=CAT  \\$aRESET-LEV$b50$c20231002$lBLL01$h0442
=FIN  \\$aY
=FMT  \\$a  SE
=LAS  \\$aRESET-LEV$b50$c20231002$lBLL01$h0442
=LEO  \\$aMP35.0000108789.1
=LKR  \\$aPAR$lBLL01$r78500$nWolverton Express - no.2600-3468 (19 Jan.1951-29 Sept.1967)$b013901283$mThe Wolverton Express and Bucks Weekly News. - no.131-2599 (16 Oct.1903-12 Jan.1951)
=NID  \\$aNID0011025
=SRC  \\$aNPLv17$bbibmp35.20070831.aa
=TCO  \\$aZZZ$c008

