=LDR  07369cas a2201381u  4500
=001  013903293
=003  Uk
=005  20220301151012.0
=008  950421d18921899||||||n|||\\\\0\\\||eng\\
=019  n\$aNLC0011010
=040  \\$aUk$cUk
=082  04$a072.176$222
=245  00$aWest Ham Herald and South Essex Gazette.
=336  \\$atext$2rdacontent
=337  \\$aunmediated$2rdamedia
=338  \\$avolume$2rdacarrier
=651  \0$aNewham (London, England)$vNewspapers.
=752  \\$aEngland$dLondon$fNewham.$2blnpn
=780  00$tSouth Essex Gazette : (South Essex Gazette and West Ham Chronicle)$gno.113-186 (21 June 1890-26 Dec.1891)$w013903292
=785  00$tSouth Essex Mail and West Ham Herald$gno.801-931 (26 Aug.1899-22 Feb.1902)$w013903294
=852  41$31889-1894$aBritish Library$bNPL$jNEWS11197
=852  41$31891$aBritish Library$bHMNTS$zJan - Nov$zMicroform.$jMFM.M32849 [1891]
=852  41$31909$aBritish Library$bHMNTS$jMFM.M95362 [1909]$zJan - Dec 1909$zMicroform
=852  41$31933$aBritish Library$bHMNTS$jMFM.M95367 [1933]$zJan - dEC `1933$zMicroform
=852  41$31934$aBritish Library$bHMNTS$jMFM.M95368 [1934]$zJan - Dec 1934$zMicroform
=852  41$31897$aBritish Library$bHMNTS$jMFM.M95360 [1897]$zJan - Dec 1897$zMicroform
=852  41$31908$aBritish Library$bHMNTS$jMFM.M95361 [1908]$zJan - Dec 1908$zMicroform
=852  41$31910$aBritish Library$bHMNTS$jMFM.M95363 [1910]$zJan - Dec 1910$zMicroform
=852  41$31915$aBritish Library$bHMNTS$jMFM.M95366 [1915]$zJan - Dec 1915$zMicroform
=852  41$31912$aBritish Library$bHMNTS$jMFM.M95364 [1912]$zJan - Dec 1912$zMicroform
=852  41$31913$aBritish Library$bHMNTS$jMFM.M95365 [1913]$zJan - Dec 1913$zMicroform
=852  41$31894-2009$aBritish Library$bNPL$jNEWS2992
=852  41$aBritish Library$bNPL
=852  41$31921$aBritish Library$bHMNTS$zMicroform.$jMFM.M74476-7
=852  41$31893$aBritish Library$bHMNTS$zMicroform.$jMFM.M5604 [1893]
=852  41$31899$aBritish Library$bHMNTS$zMicroform.$jMFM.M27892 [1899]
=852  41$31899$aBritish Library$bHMNTS$zMicroform.$jMFM.M27891 [1899]
=852  41$31919$aBritish Library$bHMNTS$zMicroform.$jMFM.M74474 [1919]
=852  41$31920$aBritish Library$bHMNTS$zMicroform.$jMFM.M74475 [1920]
=852  41$32010-$aBritish Library$bNPL$jNEWS.REG1624
=852  41$31888-1900$aBritish Library$bNPL$jNEWS7638
=852  41$31895$aBritish Library$bHMNTS$zMicroform.$jMFM.M36752 [1895]
=852  41$31888$aBritish Library$bHMNTS$zMicroform.$jMFM.M82243 [1888]
=852  41$31889$aBritish Library$bHMNTS$zMicroform.$jMFM.M82243 [1889]
=852  41$31890$aBritish Library$bHMNTS$zMicroform.$jMFM.M82243 [1890]
=852  41$31891$aBritish Library$bHMNTS$zMicroform.$jMFM.M82244 [1891]
=852  41$31892$aBritish Library$bHMNTS$zMicroform.$jMFM.M82245 [1892]
=852  41$31893$aBritish Library$bHMNTS$zMicroform.$jMFM.M82245 [1893]
=852  41$31894$aBritish Library$bHMNTS$zMicroform.$jMFM.M82246 [1894]
=852  41$31896$aBritish Library$bHMNTS$zMicroform.$jMFM.M82246 [1896]
=852  41$31897$aBritish Library$bHMNTS$zMicroform.$jMFM.M82247 [1897]
=852  41$31898$aBritish Library$bHMNTS$zMicroform.$jMFM.M82247 [1898]
=852  41$31899$aBritish Library$bHMNTS$zMicroform.$jMFM.M82247 [1899]
=852  41$31900$aBritish Library$bHMNTS$zMicroform.$jMFM.M82248 [1900]
=852  41$31869-1912$aBritish Library$bNPL$jNEWS11141
=852  41$31870$aBritish Library$bHMNTS$zMicroform.$jMFM.M22867 [1870]
=852  41$31871$aBritish Library$bHMNTS$zMicroform.$jMFM.M22867 [1871]
=852  41$31876$aBritish Library$bHMNTS$zMicroform.$jMFM.M39791 [1876]
=852  41$31877$aBritish Library$bHMNTS$zMicroform.$jMFM.M39791 [1877]
=852  41$31869$aBritish Library$bHMNTS$zMicroform.$jMFM.M22867 [1869]
=852  41$31875$aBritish Library$bHMNTS$zMicroform.$jMFM.M39791 [1875]
=852  41$31889$aBritish Library$bHMNTS$zMicroform.$jMFM.M39830 [1889]
=852  41$31891$aBritish Library$bHMNTS$zMicroform.$jMFM.M22098 [1891]
=852  41$31897$aBritish Library$bHMNTS$zMicroform.$jMFM.M1764 [1897]
=852  41$31899-1902$aBritish Library$bNPL$jNEWS7620
=852  41$31899$aBritish Library$bHMNTS$zMicroform.$jMFM.M81995 [1899]
=852  41$31900$aBritish Library$bHMNTS$zMicroform.$jMFM.M84914 [1900]
=852  41$31901$aBritish Library$bHMNTS$zMicroform.$jMFM.M84915 [1901]
=852  41$31902$aBritish Library$bHMNTS$zMicroform.$jMFM.M84916 [1902]
=852  41$31893-1899$aBritish Library$bNPL$jNEWS7619
=852  41$31893$aBritish Library$bHMNTS$zMicroform.$jMFM.M81989 [1893]
=852  41$31894$aBritish Library$bHMNTS$zMicroform.$jMFM.M81990 [1894]
=852  41$31895$aBritish Library$bHMNTS$zMicroform.$jMFM.M81991 [1895]
=852  41$31896$aBritish Library$bHMNTS$zMicroform.$jMFM.M81992 [1896]
=852  41$31897$aBritish Library$bHMNTS$zMicroform.$jMFM.M81993 [1897]
=852  41$31898$aBritish Library$bHMNTS$zMicroform.$jMFM.M81994 [1898]
=852  41$31899$aBritish Library$bHMNTS$zMicroform.$jMFM.M81995 [1899]
=852  41$31892$aBritish Library$bHMNTS$zMicroform.$jMFM.M4732 [1892]
=856  42$31892-1899$uhttp://www.britishnewspaperarchive.co.uk/search/results?TitleId=BL/0004267$yBritish Newspaper Archive
=866  \0$aNewspapers :no.205-800 (2 Jan.1892-19 Aug.1899)
=883  0\$aLanguage codes assigned by Bayesian analysis of words present in record$d20200826$qUk$c0.9919
=985  \\$aDisaggregated Record: NPL
=985  \\$aUpgraded by BSS-generated file for WR2009-0365
=CAT  \\$aBATCH-NPL$b00$c20070912$lBLL01$h1136
=CAT  \\$aBATCH-856$b50$c20220207$lBLL01$h0756
=CAT  \\$aBATCH-UPD$b50$c20220207$lBLL01$h0815
=CAT  \\$aBATCH-856$b50$c20220214$lBLL01$h0937
=CAT  \\$aBATCH-UPD$b50$c20220214$lBLL01$h0957
=CAT  \\$aBATCH-856$b50$c20220301$lBLL01$h1510
=CAT  \\$aBATCH-UPD$b50$c20220301$lBLL01$h1525
=CAT  \\$aRESET-LEV$b50$c20220302$lBLL01$h0055
=CAT  \\$aRESET-LEV$b50$c20220402$lBLL01$h1727
=CAT  \\$aRESET-LEV$b50$c20220502$lBLL01$h0241
=CAT  \\$aRESET-LEV$b50$c20220602$lBLL01$h2126
=CAT  \\$aRESET-LEV$b50$c20220702$lBLL01$h1728
=CAT  \\$aRESET-LEV$b50$c20220802$lBLL01$h0353
=CAT  \\$aRESET-LEV$b50$c20220902$lBLL01$h2221
=CAT  \\$aRESET-LEV$b50$c20221003$lBLL01$h0414
=CAT  \\$aRESET-LEV$b50$c20221102$lBLL01$h0233
=CAT  \\$aRESET-LEV$b50$c20221202$lBLL01$h2224
=CAT  \\$aRESET-LEV$b50$c20230102$lBLL01$h0259
=CAT  \\$aRESET-LEV$b50$c20230202$lBLL01$h2127
=CAT  \\$aRESET-LEV$b50$c20230302$lBLL01$h2135
=CAT  \\$aRESET-LEV$b50$c20230403$lBLL01$h0241
=CAT  \\$aRESET-LEV$b50$c20230502$lBLL01$h0324
=CAT  \\$aRESET-LEV$b50$c20230602$lBLL01$h2226
=CAT  \\$aRESET-LEV$b50$c20230703$lBLL01$h0507
=CAT  \\$aRESET-LEV$b50$c20230802$lBLL01$h0209
=CAT  \\$aRESET-LEV$b50$c20230902$lBLL01$h1739
=CAT  \\$aRESET-LEV$b50$c20231002$lBLL01$h0443
=FIN  \\$aY
=FMT  \\$a  SE
=LAS  \\$aRESET-LEV$b50$c20231002$lBLL01$h0443
=LEO  \\$aMP35.0000110813.2
=LKR  \\$aPAR$lBLL01$r78500$nSouth Essex Mail and West Ham Herald - no.801-931 (26 Aug.1899-22 Feb.1902)$b013903294$mWest Ham Herald and South Essex Gazette. - no.205-800 (2 Jan.1892-19 Aug.1899)
=NID  \\$aNID0012461
=SRC  \\$aNPLv17$bbibmp35.20070831.aa
=TCO  \\$aZZZ$c008

