=LDR  05925cas a22011297a 4500
=001  013904695
=003  Uk
=005  20221231214514.0
=007  ta
=008  950421d18691932enkwr\n\\\\\\\0\\\a0eng\\
=019  n\$aNLC0013085
=019  x\$a2531490167
=019  c\$a2076065
=040  \\$aUk$cUk$dUk
=082  04$a072.1$222
=130  0\$aGraphic (London, England)
=245  14$aThe Graphic :$ban illustrated weekly newspaper.
=260  \\$aLondon :$bEdward Joseph Mansfield,$c1869-1932.
=300  \\$a135 v. :$bill. ;$c34-42 cm.
=310  \\$aWeekly
=336  \\$atext$2rdacontent
=337  \\$aunmediated$2rdamedia
=338  \\$avolume$2rdacarrier
=362  0\$aVol. 1, no. 1 (Dec. 4, 1869)-v. 135, no. 3254 (Apr. 23, 1932).
=540  \\$aCurrent Copyright Fee: GBP25.00$c0$5Uk
=585  \\$328 November 1874$aCopy at HS.74/1099. Exhibited: "Discovering literature: Romantics and Victorians" (online), 20 February 2014-.$5Uk
=585  \\$328 December 1895$aCopy at HS.74/1099. Exhibited: "Discovering literature: Romantics and Victorians" (online), 20 February 2014-.$5Uk
=585  \\$319 November 1887.$aCopy at HS.74/1099. Exhibited: "Discovering literature: Romantics and Victorians" (online), 20 February 2014-.$5Uk
=585  \\$37 January 1899.$aCopy at HS.74/1099. Exhibited: "Discovering literature: Romantics and Victorians" (online), 20 February 2014-.$5Uk
=585  \\$326 April 1873$aCopy at HS74/1099. Exhibited: Exhibited: "The Fallen Woman", The Foundling Museum, London, 25 Sep 2015 - 3 Jan 2016.$5Uk
=585  \\$328 December 1895.$aCopy at HS.74/1099. Exhibited: "Victorian Britain" (online), 25 May 2016-.$5Uk
=595  \\$aCONTD AS 6024.530N SEE ALSO CARD INDEX.
=651  \0$aLondon (England)$vNewspapers.
=752  \\$aEngland$dLondon.$2blnpn
=785  00$tNational graphic
=852  41$31870-1932$aBritish Library$bNPL$jNEWS8081
=852  41$aBritish Library$bNPL$3No. 5 (1 Jan. 1870)-no. 3254 (23 Apr. 1932)***Also includes print special issue 'Christmas 1932'
=852  41$aBritish Library$bHMNTS$jHS.74/1099.$3Summer 1883, and no. 1127, 1129-1144, 1146-1152. (1883-1891).***The issues containing instalments of Thomas Hardy's "Tess of the d'Urbervilles"***[Another copy of Summer 1883, and no. 1127, 1129-1144, 1146-1152.] London, 1883-1891. The issues containing instalments of Thomas Hardy's "Tess of the d'Urbervilles".
=852  41$aBritish Library$bHMNTS$jC.188.c.52.$3Vol. 1 (December 1869-June 1870).
=852  41$aBritish Library$bDSC$j4211.220000.$3Vol. 2 (July 1870-v.75 (June 1907); with the Christmas numbers and supplements
=852  41$aBritish Library$bHMNTS$jHS.74/2302$3Christmas number, 1896.
=852  41$31870-1932$aBritish Library$bHMNTS$zMicroform.$jMFM.MLD46
=856  42$31870-1911, 1914-1932$uhttp://www.britishnewspaperarchive.co.uk/search/results?TitleId=BL/0000057$yBritish Newspaper Archive
=945  \\$aGRAPHIC -LONDON- ILLUSTRATED WEEKLY NEWSPAPER-.
=959  \\$fHeld but not currently received
=963  \\$aVOL. 1, 1869- 135, 1932 *A=1$bN$cNPR.C.53
=985  \\$aRecord merged by DQ team
=ACF  \\$aPrevious copyright fee: GBP9.00$c0$e01-apr-2010$fGBP9.00$g0$hA$5Uk
=ACF  \\$aPrevious copyright fee: GBP6.00$c0$e01-apr-2008$fGBP6.00$g0$hA$5Uk
=ACF  \\$aPrevious copyright fee: GBP5.00$c0$e01-jul-2002$fGBP5.00$g0$hA$5Uk
=ACF  \\$aCurrent copyright fee: GBP4.40$c0$e01-jul-1998$fGBP4.40$g0$hA$5Uk
=ACF  \\$aCurrent copyright fee: GBP4.20$c0$e01-apr-1997$fGBP4.20$g0$hA$5Uk
=ACF  \\$aPrevious copyright fee: GBP10.50$c0$e01-jan-2011$fGBP10.50$g0$hA$5Uk
=ACF  \\$aPrevious copyright fee: GBP12.00$c0$e01-jan-2012$fGBP12.00$g0$hA$5Uk
=ACF  \\$aPrevious Copyright Fee: GBP12.30$c0$e01-jan-2014$fGBP12.30$g0$hA$5Uk
=ACF  \\$aPrevious Copyright Fee: GBP15.00$c0$e01-jan-2017$fGBP15.00$g0$hA$5Uk
=ACF  \\$aPrevious Copyright Fee: GBP17.50$c0$e01-jan-2018$fGBP17.50$g0$hA$5Uk
=ACF  \\$aPrevious Copyright Fee: GBP20.00$c0$e01-jan-2020$fGBP20.00$g0$hA$5Uk
=CAT  \\$aBATCH-NPL$b00$c20070912$lBLL01$h1137
=CAT  \\$aBATCH-UPD$b50$c20211108$lBLL01$h1056
=CAT  \\$aBATCH-856$b50$c20211115$lBLL01$h0940
=CAT  \\$aBATCH-UPD$b50$c20211115$lBLL01$h0953
=CAT  \\$aBATCH-856$b50$c20211122$lBLL01$h1254
=CAT  \\$aBATCH-UPD$b50$c20211122$lBLL01$h1306
=CAT  \\$aBATCH-856$b50$c20211220$lBLL01$h1031
=CAT  \\$aBATCH-UPD$b50$c20211220$lBLL01$h1109
=CAT  \\$aBATCH-856$b50$c20211228$lBLL01$h1450
=CAT  \\$aBATCH-UPD$b50$c20211228$lBLL01$h1516
=CAT  \\$aBATCH-856$b50$c20220104$lBLL01$h0957
=CAT  \\$aBATCH-UPD$b50$c20220104$lBLL01$h1016
=CAT  \\$aBATCH-856$b50$c20220110$lBLL01$h1300
=CAT  \\$aBATCH-UPD$b50$c20220110$lBLL01$h1338
=CAT  \\$aBATCH-856$b50$c20220117$lBLL01$h1433
=CAT  \\$aBATCH-UPD$b50$c20220117$lBLL01$h1503
=CAT  \\$aBATCH-856$b50$c20220131$lBLL01$h1009
=CAT  \\$aBATCH-UPD$b50$c20220131$lBLL01$h1024
=CAT  \\$aBATCH-856$b50$c20220207$lBLL01$h0756
=CAT  \\$aBATCH-UPD$b50$c20220207$lBLL01$h0816
=CAT  \\$aBATCH-856$b50$c20220214$lBLL01$h0937
=CAT  \\$aBATCH-UPD$b50$c20220214$lBLL01$h0958
=CAT  \\$aBATCH-856$b50$c20220301$lBLL01$h1510
=CAT  \\$aBATCH-UPD$b50$c20220301$lBLL01$h1526
=CAT  \\$aBATCH-CLA$b00$c20221221$lBLL01$h1855
=CAT  \\$aIPL-CLA$c20221231$lBLL01$h2145
=CFI  0\$aCurrent Copyright Fee: GBP25.00$c0$e01-jan-2023$fGBP25.00$g0$hA$5Uk
=CFI  2\$aPrevious Copyright Fee: GBP22.50$c0$e01-jan-2021$fGBP22.50$g0$hA$5Uk
=FIN  \\$aY
=FMT  \\$a  SE
=LAS  \\$aIPL-CLA$b00$c20221231$lBLL01$h2145
=LEO  \\$aMP35.0000112867
=LEO  \\$aMP1.0003030883
=LEO  \\$aMP10.0000252602
=NID  \\$aNID0013120
=SRC  \\$aDSS01$bbibmp10.200404.2.aa
=SRC  \\$aBLS01$bbibmp1.200404.2.ad
=SRC  \\$aNPLv17$bbibmp35.20070831.aa
=TCO  \\$aCLA$bCLA$c008

