=LDR  05309cas a22012017a 4500
=001  013905401
=003  Uk
=005  20221231214516.0
=007  ta
=008  950421c18699999wlkwr2n\\\\\\\0\\\a0eng\\
=019  n\$aNLC0014769
=019  c\$a2438754
=022  0\$a0017-1700$202
=040  \\$aUk$cUk$dUk
=042  \\$aissnuk
=082  04$a072.92925$222
=222  \0$aGoleuad$b(Caernarvon)
=245  02$aY goleuad.
=260  \\$aCaernarfon :$bArgraphwyd dros Cyfundeb y Methodistiad Calfinaidd gan Thomas Jones yn Swyddfa's Welsh National Press,$c[1869]-
=300  \\$av. :$bill. ;$c33-39 cm.
=310  \\$aWeekly
=336  \\$atext$2rdacontent
=337  \\$aunmediated$2rdamedia
=338  \\$avolume$2rdacarrier
=362  1\$aBegan with rhif 1 (30 Hydref. 1869)
=500  \\$aWanting Jan.-Dec.1893; Jan.-Feb.1895.
=500  \\$aMicrofilm: Jan.-Dec.1888; Jan.-Dec.1890; Jan.-Dec.1892; March-Dec.1895.
=540  \\$aCurrent Copyright Fee: GBP25.00$c0$5Uk
=550  \\$aIssued by: Cyfundeb y Methodistiaid Calfinaidd Cymreig; later by Eglwys Bresbyteraidd Cymru.
=610  20$aWelsh Calvinistic Methodist Church$vNewspapers.
=650  \0$aMethodism$zWales$vNewspapers.
=651  \0$aCaernarfon (Wales)$vNewspapers.
=651  \0$aGwynedd (Wales)$vNewspapers.
=710  2\$aWelsh Calvinistic Methodist Church.
=752  \\$aWales$bGwynedd$dCaernarvon.$2blnpn
=852  41$aBritish Library$bHMNTS$jP.703/654
=852  41$aBritish Library$bHMNTS$jP.703/654
=852  41$aBritish Library$bHMNTS$jP.703/654
=852  41$aBritish Library$bNPL
=852  41$31891$aBritish Library$bNPL$cEW$jS1497 [1891]
=852  41$31885$aBritish Library$bNPL$cEW$jS1016 [1885]
=852  41$31885$aBritish Library$bNPL$cEW$jS1016 [1885]
=852  41$31885$aBritish Library$bNPL$cEW$jS1016 [1885]
=852  41$aBritish Library$bNPL
=852  41$31978$aBritish Library$bNPL$j213 [1978]
=852  41$aBritish Library$bNPL$jNEWS shelfmarks - see explore.bl.uk for full holdings
=852  41$aBritish Library$bHMNTS$zMicroform.$jMFM shelfmarks - see explore.bl.uk for full holdings
=852  41$aBritish Library$bNPL$3Rhif 1 (30 Oct. 1869)-
=856  42$31869-1890, 1892, 1894-1900$uhttp://www.britishnewspaperarchive.co.uk/search/results?TitleId=BL/0000058$yBritish Newspaper Archive
=945  \\$aGOLEUAD -CAERNARVON-.
=979  \\$aBritish Library$bDSC$j4201.223050N
=985  \\$aRecord merged by DQ team
=ACF  \\$aPrevious copyright fee: GBP9.00$c0$e01-apr-2010$fGBP9.00$g0$hA$5Uk
=ACF  \\$aPrevious copyright fee: GBP6.00$c0$e01-apr-2008$fGBP6.00$g0$hA$5Uk
=ACF  \\$aPrevious copyright fee: GBP5.00$c0$e01-jul-2002$fGBP5.00$g0$hA$5Uk
=ACF  \\$aCurrent copyright fee: GBP4.40$c0$e01-jul-1998$fGBP4.40$g0$hA$5Uk
=ACF  \\$aCurrent copyright fee: GBP4.20$c0$e01-apr-1997$fGBP4.20$g0$hA$5Uk
=ACF  \\$aPrevious copyright fee: GBP10.50$c0$e01-jan-2011$fGBP10.50$g0$hA$5Uk
=ACF  \\$aPrevious copyright fee: GBP12.00$c0$e01-jan-2012$fGBP12.00$g0$hA$5Uk
=ACF  \\$aPrevious Copyright Fee: GBP12.30$c0$e01-jan-2014$fGBP12.30$g0$hA$5Uk
=ACF  \\$aPrevious Copyright Fee: GBP15.00$c0$e01-jan-2017$fGBP15.00$g0$hA$5Uk
=ACF  \\$aPrevious Copyright Fee: GBP17.50$c0$e01-jan-2018$fGBP17.50$g0$hA$5Uk
=ACF  \\$aPrevious Copyright Fee: GBP20.00$c0$e01-jan-2020$fGBP20.00$g0$hA$5Uk
=CAT  \\$aBATCH-NPL$b00$c20070912$lBLL01$h1137
=CAT  \\$aBATCH-UPD$b50$c20220214$lBLL01$h0958
=CAT  \\$aBATCH-856$b50$c20220301$lBLL01$h1510
=CAT  \\$aBATCH-UPD$b50$c20220301$lBLL01$h1526
=CAT  \\$aRESET-LEV$b50$c20220302$lBLL01$h0055
=CAT  \\$aRESET-LEV$b50$c20220402$lBLL01$h1727
=CAT  \\$aRESET-LEV$b50$c20220502$lBLL01$h0242
=CAT  \\$aRESET-LEV$b50$c20220602$lBLL01$h2126
=CAT  \\$aRESET-LEV$b50$c20220702$lBLL01$h1729
=CAT  \\$aRESET-LEV$b50$c20220802$lBLL01$h0353
=CAT  \\$aRESET-LEV$b50$c20220902$lBLL01$h2221
=CAT  \\$aRESET-LEV$b50$c20221003$lBLL01$h0414
=CAT  \\$aRESET-LEV$b50$c20221102$lBLL01$h0233
=CAT  \\$aRESET-LEV$b50$c20221202$lBLL01$h2225
=CAT  \\$aBATCH-CLA$b00$c20221221$lBLL01$h1855
=CAT  \\$aRESET-LEV$b50$c20221221$lBLL01$h2132
=CAT  \\$aIPL-CLA$c20221231$lBLL01$h2145
=CAT  \\$aRESET-LEV$b50$c20230102$lBLL01$h0300
=CAT  \\$aRESET-LEV$b50$c20230202$lBLL01$h2127
=CAT  \\$aRESET-LEV$b50$c20230302$lBLL01$h2135
=CAT  \\$aRESET-LEV$b50$c20230403$lBLL01$h0241
=CAT  \\$aRESET-LEV$b50$c20230502$lBLL01$h0324
=CAT  \\$aRESET-LEV$b50$c20230602$lBLL01$h2226
=CAT  \\$aRESET-LEV$b50$c20230703$lBLL01$h0508
=CAT  \\$aRESET-LEV$b50$c20230802$lBLL01$h0209
=CAT  \\$aRESET-LEV$b50$c20230902$lBLL01$h1740
=CAT  \\$aRESET-LEV$b50$c20231002$lBLL01$h0444
=CFI  0\$aCurrent Copyright Fee: GBP25.00$c0$e01-jan-2023$fGBP25.00$g0$hA$5Uk
=CFI  2\$aPrevious Copyright Fee: GBP22.50$c0$e01-jan-2021$fGBP22.50$g0$hA$5Uk
=FIN  \\$aY
=FMT  \\$a  SE
=LAS  \\$aRESET-LEV$b50$c20231002$lBLL01$h0444
=LEO  \\$aMP10.0000250832
=LEO  \\$aMP22.0000000836
=LEO  \\$aMP35.0000114512
=NID  \\$aNID0013607
=SRC  \\$aISN01$bbibmp22.200404.2.aa
=SRC  \\$aDSS01$bbibmp10.200404.2.aa
=SRC  \\$aNPLv17$bbibmp35.20070831.aa
=TCO  \\$aCLA$bCLA$c008

