=LDR  03233cas a2200793u  4500
=001  013906396
=003  Uk
=005  20220301151016.0
=008  950421d18361876||||||n|||\\\\0\\\||eng\\
=019  n\$aNLC0015604
=040  \\$aUk$cUk
=082  04$a072.317$222
=245  04$aThe Wiltshire Independent.
=336  \\$atext$2rdacontent
=337  \\$aunmediated$2rdamedia
=338  \\$avolume$2rdacarrier
=500  \\$aIncorporated with "The Wiltshire Times".
=500  \\$aWanting 1872.
=500  \\$aMicrofilm: 1874.
=651  \0$aDevizes (England)$vNewspapers.
=651  \0$aWiltshire (England)$vNewspapers.
=752  \\$aEngland$bWiltshire$dDevizes.$2blnpn
=852  41$31879$aBritish Library$bNPL$cEW$j246 [1879]
=852  41$31852$aBritish Library$bNPL$cEW$j1242 [1852]
=852  41$31852$aBritish Library$bNPL$cEW$j1242 [1852]
=852  \\$aBritish Library$bNPL
=852  41$31784$aBritish Library$bNPL$cEW$jP28
=852  41$31879$aBritish Library$bNPL$cEW$j246 [1879]
=852  \\$aBritish Library$bNPL
=852  41$31784$aBritish Library$bNPL$cEW$jP28
=852  41$aBritish Library$bNPL$jNEWS shelfmarks - see explore.bl.uk for full holdings
=852  41$aBritish Library$bHMNTS$zMicroform.$jMFM shelfmarks - see explore.bl.uk for full holdings
=852  41$aBritish Library$bNPL$jPENN shelfmarks - see explore.bl.uk for full holdings
=856  42$31836-1839, 1841-1868, 1870, 1874$uhttp://www.britishnewspaperarchive.co.uk/search/results?TitleId=BL/0000359$yBritish Newspaper Archive
=866  \0$aNewspapers :vol.1.no.1 - vol.4.no.2117 (24 Nov. 1836 - 21 Sept. 1876)
=CAT  \\$aBATCH-NPL$b00$c20070912$lBLL01$h1138
=CAT  \\$aBATCH-856$b50$c20220207$lBLL01$h0756
=CAT  \\$aBATCH-UPD$b50$c20220207$lBLL01$h0817
=CAT  \\$aBATCH-856$b50$c20220214$lBLL01$h0937
=CAT  \\$aBATCH-UPD$b50$c20220214$lBLL01$h0959
=CAT  \\$aBATCH-856$b50$c20220301$lBLL01$h1510
=CAT  \\$aBATCH-UPD$b50$c20220301$lBLL01$h1527
=CAT  \\$aRESET-LEV$b50$c20220302$lBLL01$h0055
=CAT  \\$aRESET-LEV$b50$c20220402$lBLL01$h1727
=CAT  \\$aRESET-LEV$b50$c20220502$lBLL01$h0242
=CAT  \\$aRESET-LEV$b50$c20220602$lBLL01$h2126
=CAT  \\$aRESET-LEV$b50$c20220702$lBLL01$h1729
=CAT  \\$aRESET-LEV$b50$c20220802$lBLL01$h0353
=CAT  \\$aRESET-LEV$b50$c20220902$lBLL01$h2222
=CAT  \\$aRESET-LEV$b50$c20221003$lBLL01$h0414
=CAT  \\$aRESET-LEV$b50$c20221102$lBLL01$h0233
=CAT  \\$aRESET-LEV$b50$c20221202$lBLL01$h2225
=CAT  \\$aRESET-LEV$b50$c20230102$lBLL01$h0300
=CAT  \\$aRESET-LEV$b50$c20230202$lBLL01$h2127
=CAT  \\$aRESET-LEV$b50$c20230302$lBLL01$h2135
=CAT  \\$aRESET-LEV$b50$c20230403$lBLL01$h0241
=CAT  \\$aRESET-LEV$b50$c20230502$lBLL01$h0324
=CAT  \\$aRESET-LEV$b50$c20230602$lBLL01$h2226
=CAT  \\$aRESET-LEV$b50$c20230703$lBLL01$h0508
=CAT  \\$aRESET-LEV$b50$c20230802$lBLL01$h0210
=CAT  \\$aRESET-LEV$b50$c20230902$lBLL01$h1740
=CAT  \\$aRESET-LEV$b50$c20231002$lBLL01$h0444
=FIN  \\$aY
=FMT  \\$a  SE
=LAS  \\$aRESET-LEV$b50$c20231002$lBLL01$h0444
=LEO  \\$aMP35.0000115338
=NID  \\$aNID0014473
=SRC  \\$aNPLv17$bbibmp35.20070831.aa
=TCO  \\$aZZZ$c008

