=LDR  08322cas a2201609u  4500
=001  013906780
=003  Uk
=005  20220301151016.0
=008  950421d18821921||||||n|||\\\\0\\\||eng\\
=019  n\$aNLC0015959
=040  \\$aUk$cUk
=082  04$a072.7682$222
=245  04$aThe Fleetwood Express.
=336  \\$atext$2rdacontent
=337  \\$aunmediated$2rdamedia
=338  \\$avolume$2rdacarrier
=500  \\$aDiscontinued.
=500  \\$aMicrofilm: 1896-98; 1910-12.
=651  \0$aFleetwood (England)$vNewspapers.
=651  \0$aLancashire (England)$vNewspapers.
=752  \\$aEngland$bLancashire$dFleetwood.$2blnpn
=852  41$31855$aBritish Library$bHMNTS$zJan. - July$zMicroform.$jMFM.M27916 [1855]
=852  41$31864$aBritish Library$bHMNTS$zMicroform.$jMFM.M38714 [1864]
=852  41$31868$aBritish Library$bHMNTS$zMicroform.$jMFM.M38716 [1868]
=852  41$31855-1985$aBritish Library$bNPL$jNEWS16168
=852  41$31986-2009$aBritish Library$bHMNTS$z-Dec 2009$zMicroform.$jMFM.SP415
=852  41$31854$aBritish Library$bHMNTS$zMicroform.$jMFM.M27916 [1854]
=852  41$31855$aBritish Library$bHMNTS$zJuly - Dec.$zMicroform.$jMFM.M38708 [1855]
=852  41$31856$aBritish Library$bHMNTS$zMicroform.$jMFM.M38709 [1856]
=852  41$31857$aBritish Library$bHMNTS$zMicroform.$jMFM.M22587 [1857]
=852  41$31858$aBritish Library$bHMNTS$zMicroform.$jMFM.M38710 [1858]
=852  41$31859$aBritish Library$bHMNTS$zMicroform.$jMFM.M38711 [1859]
=852  41$31860$aBritish Library$bHMNTS$zMicroform.$jMFM.M38712 [1860]
=852  41$31862$aBritish Library$bHMNTS$zMicroform.$jMFM.M23695 [1862]
=852  41$31863$aBritish Library$bHMNTS$zMicroform.$jMFM.M38714 [1863]
=852  41$31865$aBritish Library$bHMNTS$zMicroform.$jMFM.M38715 [1865]
=852  41$31866$aBritish Library$bHMNTS$zMicroform.$jMFM.M37876 [1866]
=852  41$31867$aBritish Library$bHMNTS$zMicroform.$jMFM.M38716 [1867]
=852  41$31869$aBritish Library$bHMNTS$zMicroform.$jMFM.M38717 [1869]
=852  41$31870$aBritish Library$bHMNTS$zMicroform.$jMFM.M38718 [1870]
=852  41$31871$aBritish Library$bHMNTS$zMicroform.$jMFM.M3584 [1871]
=852  41$31872$aBritish Library$bHMNTS$zMicroform.$jMFM.M38719 [1872]
=852  41$31873$aBritish Library$bHMNTS$zMicroform.$jMFM.M38720 [1873]
=852  41$31874$aBritish Library$bHMNTS$zMicroform.$jMFM.M38721 [1874]
=852  41$31875$aBritish Library$bHMNTS$zMicroform.$jMFM.M38722 [1875]
=852  41$31876$aBritish Library$bHMNTS$zMicroform.$jMFM.M38723 [1876]
=852  41$31877$aBritish Library$bHMNTS$zMicroform.$jMFM.M32769 [1877]
=852  41$31878$aBritish Library$bHMNTS$zMicroform.$jMFM.M36723 [1878]
=852  41$31879$aBritish Library$bHMNTS$zMicroform.$jMFM.M38724 [1879]
=852  41$31880$aBritish Library$bHMNTS$zMicroform.$jMFM.M38654 [1880]
=852  41$31881$aBritish Library$bHMNTS$zMicroform.$jMFM.M38655 [1881]
=852  41$31882$aBritish Library$bHMNTS$zMicroform.$jMFM.M38656 [1882]
=852  41$31883$aBritish Library$bHMNTS$zMicroform.$jMFM.M38657 [1883]
=852  41$31884$aBritish Library$bHMNTS$zMicroform.$jMFM.M38658 [1884]
=852  41$31885$aBritish Library$bHMNTS$zMicroform.$jMFM.M38659 [1885]
=852  41$31886$aBritish Library$bHMNTS$zMicroform.$jMFM.M38660 [1886]
=852  41$31887$aBritish Library$bHMNTS$zMicroform.$jMFM.M38661 [1887]
=852  41$31888$aBritish Library$bHMNTS$zMicroform.$jMFM.M38662 [1888]
=852  41$31889$aBritish Library$bHMNTS$zMicroform.$jMFM.M29843 [1889]
=852  41$31892$aBritish Library$bHMNTS$zMicroform.$jMFM.M27974 [1892]
=852  41$31897$aBritish Library$bHMNTS$zMicroform.$jMFM.M27918 [1897]
=852  41$31912$aBritish Library$bHMNTS$zMicroform.$jMFM.M27919 [1912]
=852  41$31942$aBritish Library$bHMNTS$zMicroform.$jMFM.M37457 [1942]
=852  41$31876-1933$aBritish Library$bNPL$jNEWS12528
=852  41$31876$aBritish Library$bHMNTS$zMicroform.$jMFM.M33735 [1876]
=852  41$31877$aBritish Library$bHMNTS$zMicroform.$jMFM.M32480 [1877]
=852  41$31888$aBritish Library$bHMNTS$zMicroform.$jMFM.M4178 [1888]
=852  41$31889$aBritish Library$bHMNTS$zMicroform.$jMFM.M17934 [1889]
=852  41$31898$aBritish Library$bHMNTS$zFeb. - Dec.$zMicroform.$jMFM.M3831 [1898]
=852  41$31899$aBritish Library$bHMNTS$zMicroform.$jMFM.M3013 [1899]
=852  41$31910$aBritish Library$bHMNTS$zMicroform.$jMFM.M921 [1910]
=852  41$31911$aBritish Library$bHMNTS$zMicroform.$jMFM.M640 [1911]
=852  41$31855-1985$aBritish Library$bNPL$jNEWS319
=852  \\$32010-$aBritish Library$bNPL$jNEWS.REG1094
=852  41$31880$aBritish Library$bNPL$cEW$j556 [1880]
=852  41$31885$aBritish Library$bNPL$jNEWS8991
=852  41$32010-$aBritish Library$bNPL$jNEWS.REG647
=852  41$31864-1985$aBritish Library$bNPL$jNEWS310
=852  41$aBritish Library$bNPL
=852  41$31855-1985$aBritish Library$bNPL$jNEWS361
=852  41$31859; Unfit for use$aBritish Library$bNPL$cEW$jS187 [1859]
=852  41$32010-24th Jun. (2021)$aBritish Library$bNPL$jNEWS.REG736
=852  41$31874-1977$aBritish Library$bNPL$jNEWS2447
=852  41$31877$aBritish Library$bHMNTS$zMicroform.$jMFM.M33359 [1877]
=852  41$31879$aBritish Library$bHMNTS$zMicroform.$jMFM.M35689 [1879]
=852  41$31889$aBritish Library$bHMNTS$zMicroform.$jMFM.M4597 [1889]
=852  41$31897$aBritish Library$bHMNTS$zMicroform.$jMFM.M1701 [1897]
=852  41$31884-1902$aBritish Library$bNPL$jNEWS9266
=852  41$31889$aBritish Library$bHMNTS$zMicroform.$jMFM.M29844 [1889]
=852  41$31897$aBritish Library$bHMNTS$zJan - Nov$zMicroform.$jMFM.M2948 [1897]
=852  41$31889$aBritish Library$bHMNTS$zMicroform.$jMFM.M30079 [1889]
=852  41$31896$aBritish Library$bHMNTS$zMicroform.$jMFM.M9765 [1896]
=852  41$31897$aBritish Library$bHMNTS$zMicroform.$jMFM.M9766 [1897]
=852  41$31898$aBritish Library$bHMNTS$zMicroform.$jMFM.M9767 [1898]
=852  41$31910$aBritish Library$bHMNTS$zMicroform.$jMFM.M9768 [1910]
=852  41$31911$aBritish Library$bHMNTS$zMicroform.$jMFM.M9769 [1911]
=852  41$31912$aBritish Library$bHMNTS$zMicroform.$jMFM.M9770 [1912]
=852  41$31882-1921$aBritish Library$bNPL$jNEWS9167
=852  41$31910$aBritish Library$bHMNTS$zMicroform.$jMFM.M792-3
=856  42$31889, 1896-1920$uhttp://www.britishnewspaperarchive.co.uk/search/results?TitleId=BL/0003500$yBritish Newspaper Archive
=866  \0$aNewspapers :no.262-5359 (17 June 1882 - 2 Sept.1921)
=883  0\$aLanguage codes assigned by Bayesian analysis of words present in record$d20200826$qUk$c0.9919
=985  \\$aUpgraded by BSS-generated file for WR2009-0365
=CAT  \\$aBATCH-NPL$b00$c20070912$lBLL01$h1138
=CAT  \\$aBATCH-856$b50$c20220207$lBLL01$h0756
=CAT  \\$aBATCH-UPD$b50$c20220207$lBLL01$h0817
=CAT  \\$aBATCH-856$b50$c20220214$lBLL01$h0937
=CAT  \\$aBATCH-UPD$b50$c20220214$lBLL01$h1000
=CAT  \\$aBATCH-856$b50$c20220301$lBLL01$h1510
=CAT  \\$aBATCH-UPD$b50$c20220301$lBLL01$h1527
=CAT  \\$aRESET-LEV$b50$c20220302$lBLL01$h0055
=CAT  \\$aRESET-LEV$b50$c20220402$lBLL01$h1727
=CAT  \\$aRESET-LEV$b50$c20220502$lBLL01$h0242
=CAT  \\$aRESET-LEV$b50$c20220602$lBLL01$h2126
=CAT  \\$aRESET-LEV$b50$c20220702$lBLL01$h1729
=CAT  \\$aRESET-LEV$b50$c20220802$lBLL01$h0353
=CAT  \\$aRESET-LEV$b50$c20220902$lBLL01$h2222
=CAT  \\$aRESET-LEV$b50$c20221003$lBLL01$h0414
=CAT  \\$aRESET-LEV$b50$c20221102$lBLL01$h0233
=CAT  \\$aRESET-LEV$b50$c20221202$lBLL01$h2225
=CAT  \\$aRESET-LEV$b50$c20230102$lBLL01$h0300
=CAT  \\$aRESET-LEV$b50$c20230202$lBLL01$h2127
=CAT  \\$aRESET-LEV$b50$c20230302$lBLL01$h2135
=CAT  \\$aRESET-LEV$b50$c20230403$lBLL01$h0241
=CAT  \\$aRESET-LEV$b50$c20230502$lBLL01$h0324
=CAT  \\$aRESET-LEV$b50$c20230602$lBLL01$h2226
=CAT  \\$aRESET-LEV$b50$c20230703$lBLL01$h0508
=CAT  \\$aRESET-LEV$b50$c20230802$lBLL01$h0210
=CAT  \\$aRESET-LEV$b50$c20230902$lBLL01$h1741
=CAT  \\$aRESET-LEV$b50$c20231002$lBLL01$h0444
=FIN  \\$aY
=FMT  \\$a  SE
=LAS  \\$aRESET-LEV$b50$c20231002$lBLL01$h0444
=LEO  \\$aMP35.0000115686
=NID  \\$aNID0014828
=SRC  \\$aNPLv17$bbibmp35.20070831.aa
=TCO  \\$aZZZ$c008

