=LDR  03823cas a2200829u  4500
=001  013906793
=003  Uk
=005  20220301151016.0
=008  950421d18551886||||||n|||\\\\0\\\||eng\\
=019  n\$aNLC0015971
=040  \\$aUk$cUk
=082  04$a072.2395$222
=245  04$aThe Folkestone Chronicle and visitors' guide to Folkestone, Sandgate, etc.
=336  \\$atext$2rdacontent
=337  \\$aunmediated$2rdamedia
=338  \\$avolume$2rdacarrier
=651  \0$aFolkestone (England)$vNewspapers.
=651  \0$aKent (England)$vNewspapers.
=752  \\$aEngland$bKent$dFolkestone.$2blnpn
=785  00$tFolkestone Chronicle and Illustrated Weekly Record$gno.1633-1663 (13 Nov.1886 - 25 June 1887)$w013906794
=852  41$31957$aBritish Library$bNPL$cSCT$j91 [1957]
=852  41$31869$aBritish Library$bNPL$cEW$j1411 [1869]
=852  41$31888$aBritish Library$bNPL$cEW$j1158 [1888]
=852  41$31864$aBritish Library$bNPL$cEW$j1772 [1864]
=852  41$31962$aBritish Library$bNPL$j1090 [1962]
=852  41$aBritish Library$bNPL
=852  41$31859; Unfit for use$aBritish Library$bNPL$cEW$jS187 [1859]
=852  41$aBritish Library$bNPL$jNEWS shelfmarks - see explore.bl.uk for full holdings
=852  41$aBritish Library$bHMNTS$zMicroform.$jMFM shelfmarks - see explore.bl.uk for full holdings
=852  41$aBritish Library$bNPL
=852  41$31859; Unfit for use$aBritish Library$bNPL$cEW$jS187 [1859]
=852  41$31865$aBritish Library$bNPL$cEW$j440 [1865]
=856  42$31855-1857, 1859-1869, 1871-1872, 1875-1877, 1879, 1886$uhttp://www.britishnewspaperarchive.co.uk/search/results?TitleId=BL/0003501$yBritish Newspaper Archive
=866  \0$aNewspapers :no.1-1633 (21 July 1855 - 6 Nov.1886)
=883  0\$aLanguage codes assigned by Bayesian analysis of words present in record$d20200826$qUk$c0.9919
=985  \\$aDisaggregated Record: NPL
=985  \\$aUpgraded by BSS-generated file for WR2009-0365
=CAT  \\$aBATCH-NPL$b00$c20070912$lBLL01$h1138
=CAT  \\$aBATCH-856$b50$c20220207$lBLL01$h0756
=CAT  \\$aBATCH-UPD$b50$c20220207$lBLL01$h0817
=CAT  \\$aBATCH-856$b50$c20220214$lBLL01$h0937
=CAT  \\$aBATCH-UPD$b50$c20220214$lBLL01$h0959
=CAT  \\$aBATCH-856$b50$c20220301$lBLL01$h1510
=CAT  \\$aBATCH-UPD$b50$c20220301$lBLL01$h1527
=CAT  \\$aRESET-LEV$b50$c20220302$lBLL01$h0055
=CAT  \\$aRESET-LEV$b50$c20220402$lBLL01$h1727
=CAT  \\$aRESET-LEV$b50$c20220502$lBLL01$h0242
=CAT  \\$aRESET-LEV$b50$c20220602$lBLL01$h2126
=CAT  \\$aRESET-LEV$b50$c20220702$lBLL01$h1729
=CAT  \\$aRESET-LEV$b50$c20220802$lBLL01$h0353
=CAT  \\$aRESET-LEV$b50$c20220902$lBLL01$h2222
=CAT  \\$aRESET-LEV$b50$c20221003$lBLL01$h0414
=CAT  \\$aRESET-LEV$b50$c20221102$lBLL01$h0233
=CAT  \\$aRESET-LEV$b50$c20221202$lBLL01$h2225
=CAT  \\$aRESET-LEV$b50$c20230102$lBLL01$h0300
=CAT  \\$aRESET-LEV$b50$c20230202$lBLL01$h2127
=CAT  \\$aRESET-LEV$b50$c20230302$lBLL01$h2135
=CAT  \\$aRESET-LEV$b50$c20230403$lBLL01$h0241
=CAT  \\$aRESET-LEV$b50$c20230502$lBLL01$h0324
=CAT  \\$aRESET-LEV$b50$c20230602$lBLL01$h2226
=CAT  \\$aRESET-LEV$b50$c20230703$lBLL01$h0508
=CAT  \\$aRESET-LEV$b50$c20230802$lBLL01$h0210
=CAT  \\$aRESET-LEV$b50$c20230902$lBLL01$h1741
=CAT  \\$aRESET-LEV$b50$c20231002$lBLL01$h0444
=FIN  \\$aY
=FMT  \\$a  SE
=LAS  \\$aRESET-LEV$b50$c20231002$lBLL01$h0444
=LEO  \\$aMP35.0000115698
=LKR  \\$aPAR$lBLL01$r78500$nFolkestone Chronicle and Illustrated Weekly Record - no.1633-1663 (13 Nov.1886 - 25 June 1887)$b013906794$mThe Folkestone Chronicle and visitors' guide to Folkestone, Sandgate, etc. - no.1-1633 (21 July 1855 - 6 Nov.1886)
=NID  \\$aNID0014840
=SRC  \\$aNPLv17$bbibmp35.20070831.aa
=TCO  \\$aZZZ$c008

