=LDR  03085cas a2200745u  4500
=001  013906825
=003  Uk
=005  20220301151016.0
=008  950421d18591939|||wr|n|||\\\\0\\\||eng\\
=019  n\$aNLC0015993
=040  \\$aUk$cUk
=082  04$a072.646$222
=245  00$aFramlingham Weekly News.
=336  \\$atext$2rdacontent
=337  \\$aunmediated$2rdamedia
=338  \\$avolume$2rdacarrier
=500  \\$aMicrofilm: Sept.1859-Aug.1871;1872;1887; Jan.1895-Dec.1898.
=500  \\$a.
=651  \0$aFramlingham (England)$vNewspapers.
=651  \0$aSuffolk (England)$vNewspapers.
=752  \\$aEngland$bSuffolk$dFramlingham.$2blnpn
=852  41$31924$aBritish Library$bNPL
=852  41$31846-1847$aBritish Library$bNPL$cEW$j541A [1846]$xJul 1846-Dec 1847
=852  41$31833$aBritish Library$bNPL$cEW$j1078B [1832]$xBound with 1832
=852  41$31862$aBritish Library$bNPL$cEW$j1227A [1862]
=852  41$31871$aBritish Library$bNPL$cEW$j494 [1871]
=852  41$aBritish Library$bNPL$jNEWS shelfmarks - see explore.bl.uk for full holdings
=852  41$aBritish Library$bHMNTS$zMicroform.$jMFM shelfmarks - see explore.bl.uk for full holdings
=852  41$aBritish Library$bNPL$jPENN shelfmarks - see explore.bl.uk for full holdings
=856  42$31859-1894, 1899-1939$uhttp://www.britishnewspaperarchive.co.uk/search/results?TitleId=BL/0001321$yBritish Newspaper Archive
=866  \0$aNewspapers :no.1-4154 (3 Sept.1859-30 Sept.1939)
=CAT  \\$aBATCH-NPL$b00$c20070912$lBLL01$h1138
=CAT  \\$aBATCH-856$b50$c20220207$lBLL01$h0756
=CAT  \\$aBATCH-UPD$b50$c20220207$lBLL01$h0817
=CAT  \\$aBATCH-856$b50$c20220214$lBLL01$h0937
=CAT  \\$aBATCH-UPD$b50$c20220214$lBLL01$h1000
=CAT  \\$aBATCH-856$b50$c20220301$lBLL01$h1510
=CAT  \\$aBATCH-UPD$b50$c20220301$lBLL01$h1527
=CAT  \\$aRESET-LEV$b50$c20220302$lBLL01$h0055
=CAT  \\$aRESET-LEV$b50$c20220402$lBLL01$h1727
=CAT  \\$aRESET-LEV$b50$c20220502$lBLL01$h0242
=CAT  \\$aRESET-LEV$b50$c20220602$lBLL01$h2126
=CAT  \\$aRESET-LEV$b50$c20220702$lBLL01$h1729
=CAT  \\$aRESET-LEV$b50$c20220802$lBLL01$h0353
=CAT  \\$aRESET-LEV$b50$c20220902$lBLL01$h2222
=CAT  \\$aRESET-LEV$b50$c20221003$lBLL01$h0414
=CAT  \\$aRESET-LEV$b50$c20221102$lBLL01$h0233
=CAT  \\$aRESET-LEV$b50$c20221202$lBLL01$h2225
=CAT  \\$aRESET-LEV$b50$c20230102$lBLL01$h0300
=CAT  \\$aRESET-LEV$b50$c20230202$lBLL01$h2127
=CAT  \\$aRESET-LEV$b50$c20230302$lBLL01$h2135
=CAT  \\$aRESET-LEV$b50$c20230403$lBLL01$h0241
=CAT  \\$aRESET-LEV$b50$c20230502$lBLL01$h0324
=CAT  \\$aRESET-LEV$b50$c20230602$lBLL01$h2226
=CAT  \\$aRESET-LEV$b50$c20230703$lBLL01$h0508
=CAT  \\$aRESET-LEV$b50$c20230802$lBLL01$h0210
=CAT  \\$aRESET-LEV$b50$c20230902$lBLL01$h1741
=CAT  \\$aRESET-LEV$b50$c20231002$lBLL01$h0444
=FIN  \\$aY
=FMT  \\$a  SE
=LAS  \\$aRESET-LEV$b50$c20231002$lBLL01$h0444
=LEO  \\$aMP35.0000115719
=NID  \\$aNID0014872
=SRC  \\$aNPLv17$bbibmp35.20070831.aa
=TCO  \\$aZZZ$c008

