=LDR  03657cas a2200793u  4500
=001  013907247
=003  Uk
=005  20220301151017.0
=008  950421d18841955||||||n|||\\\\0\\\||wel\\
=019  n\$aNLC0016341
=040  \\$aUk$cUk
=082  04$a072.92937$222
=245  02$aY Llan a'r dywysogaeth.
=336  \\$atext$2rdacontent
=337  \\$aunmediated$2rdamedia
=338  \\$avolume$2rdacarrier
=500  \\$aFrom 1884 to 1885 and from 1890 to 1893 published at Merthyr Tydfil; from 1886 to 1889 and from 1894 to 1898 at Cardiff; from 1899 to 1919 at Lampeter, from 1923-8 at Dolgellau, from 1928 to 1945 at Caernarvon, from 1946 onward at Aberystwyth.
=500  \\$aHard copy holdings: 1870-Sept.1874, 1875-Sept. 1919, 19 Oct.1928 onward.
=500  \\$aMicrofilm 1870-81, March 1884-1919, 1923-50. .
=651  \0$aDenbighshire (Wales)$vNewspapers.
=651  \0$aRhyl (Wales)$vNewspapers.
=752  \\$aWales$bClwyd$dRhyl.$2blnpn
=780  00$tLlan$g[New series.] rhif 1-5 (5 Nov. - 3 Dec.1881)$w013907246
=785  00$tLlan$g3 June 1955-$w013907248
=852  41$aBritish Library$bNPL
=852  41$31882$aBritish Library$bNPL$cEW$jS873 [1882]
=852  41$31890$aBritish Library$bNPL$cEW$jS1353 [1890]
=852  41$aBritish Library$bNPL$jNEWS shelfmarks - see explore.bl.uk for full holdings
=852  41$aBritish Library$bHMNTS$zMicroform.$jMFM shelfmarks - see explore.bl.uk for full holdings
=856  42$31884-1909$uhttp://www.britishnewspaperarchive.co.uk/search/results?TitleId=BL/0003515$yBritish Newspaper Archive
=866  \0$aNewspapers :rhif 707, etc. (7 March 1884 - 26 Sept.1919; 26 Jan.1923 - 27 May 1955)
=883  0\$aLanguage codes assigned by Bayesian analysis of words present in record$d20201028$qUk$c0.9010
=985  \\$aDisaggregated Record: NPL
=985  \\$aUpgraded by BSS-generated file for WR2011-1472
=CAT  \\$aBATCH-NPL$b00$c20070912$lBLL01$h1139
=CAT  \\$aBATCH-856$b50$c20220207$lBLL01$h0756
=CAT  \\$aBATCH-UPD$b50$c20220207$lBLL01$h0817
=CAT  \\$aBATCH-856$b50$c20220214$lBLL01$h0937
=CAT  \\$aBATCH-UPD$b50$c20220214$lBLL01$h1000
=CAT  \\$aBATCH-856$b50$c20220301$lBLL01$h1510
=CAT  \\$aBATCH-UPD$b50$c20220301$lBLL01$h1527
=CAT  \\$aRESET-LEV$b50$c20220302$lBLL01$h0055
=CAT  \\$aRESET-LEV$b50$c20220402$lBLL01$h1727
=CAT  \\$aRESET-LEV$b50$c20220502$lBLL01$h0242
=CAT  \\$aRESET-LEV$b50$c20220602$lBLL01$h2126
=CAT  \\$aRESET-LEV$b50$c20220702$lBLL01$h1729
=CAT  \\$aRESET-LEV$b50$c20220802$lBLL01$h0353
=CAT  \\$aRESET-LEV$b50$c20220902$lBLL01$h2222
=CAT  \\$aRESET-LEV$b50$c20221003$lBLL01$h0414
=CAT  \\$aRESET-LEV$b50$c20221102$lBLL01$h0233
=CAT  \\$aRESET-LEV$b50$c20221202$lBLL01$h2225
=CAT  \\$aRESET-LEV$b50$c20230102$lBLL01$h0300
=CAT  \\$aRESET-LEV$b50$c20230202$lBLL01$h2127
=CAT  \\$aRESET-LEV$b50$c20230302$lBLL01$h2135
=CAT  \\$aRESET-LEV$b50$c20230403$lBLL01$h0241
=CAT  \\$aRESET-LEV$b50$c20230502$lBLL01$h0324
=CAT  \\$aRESET-LEV$b50$c20230602$lBLL01$h2227
=CAT  \\$aRESET-LEV$b50$c20230703$lBLL01$h0508
=CAT  \\$aRESET-LEV$b50$c20230802$lBLL01$h0210
=CAT  \\$aRESET-LEV$b50$c20230902$lBLL01$h1741
=CAT  \\$aRESET-LEV$b50$c20231002$lBLL01$h0445
=FIN  \\$aY
=FMT  \\$a  SE
=LAS  \\$aRESET-LEV$b50$c20231002$lBLL01$h0445
=LEO  \\$aMP35.0000116060.2
=LKR  \\$aPAR$lBLL01$r78500$nLlan -3 June 1955-$b013907248$mY Llan a'r dywysogaeth. - rhif 707, etc. (7 March 1884 - 26 Sept.1919; 26 Jan.1923 - 27 May 1955)
=NID  \\$aNID0100415
=SRC  \\$aNPLv17$bbibmp35.20070831.aa
=TCO  \\$aZZZ$c008

