=LDR  03468cas a2200769u  4500
=001  013907577
=003  Uk
=005  20220301151017.0
=008  950421d18691950||||||n|||\\\\0\\\||eng\\
=019  n\$aNLC0016639
=040  \\$aUk$cUk
=082  04$a072.342$222
=245  04$aThe Star.
=336  \\$atext$2rdacontent
=337  \\$aunmediated$2rdamedia
=338  \\$avolume$2rdacarrier
=500  \\$aNot published between 12 Sept.1944 and 10 Jan.1945.
=500  \\$aWanting Jan.1898-June 1899; Jan.1910; Jan.1911.
=500  \\$aMicrofilm: Jan.-Dec.1872; July-Dec.1899; Feb.-Dec.1910; Feb.-Dec.1911.
=651  \0$aChannel Islands$vNewspapers.
=651  \0$aGuernsey (Channel Islands)$vNewspapers.
=651  \0$aSaint Peter Port (Channel Islands)$vNewspapers.
=752  \\$aEngland$bGuernsey$dSaint Peter Port.$2blnpn
=785  00$tGuernsey Star$gvol.138.no.90 - vol.140.no.4293 (19 April 1950 - 30 Oct.1965)$w013907578
=852  \\$aBritish Library$bNPL
=852  41$31784$aBritish Library$bNPL$cEW$jP28
=852  41$aBritish Library$bNPL$jNEWS shelfmarks - see explore.bl.uk for full holdings
=852  41$aBritish Library$bHMNTS$zMicroform.$jMFM shelfmarks - see explore.bl.uk for full holdings
=852  41$aBritish Library$bNPL$jPENN shelfmarks - see explore.bl.uk for full holdings
=856  42$31869-1877, 1879-1891, 1893-1897, 1900$uhttp://www.britishnewspaperarchive.co.uk/search/results?TitleId=BL/0000184$yBritish Newspaper Archive
=866  \0$aNewspapers :vol.57.no.9 - vol.138.no.89 (17 July 1869 - 12 Sept.1944; 10 Jan.1945 - 18 April 1950)
=985  \\$aDisaggregated Record: NPL
=CAT  \\$aBATCH-NPL$b00$c20070912$lBLL01$h1139
=CAT  \\$aBATCH-856$b50$c20220207$lBLL01$h0756
=CAT  \\$aBATCH-UPD$b50$c20220207$lBLL01$h0818
=CAT  \\$aBATCH-856$b50$c20220214$lBLL01$h0937
=CAT  \\$aBATCH-UPD$b50$c20220214$lBLL01$h1000
=CAT  \\$aBATCH-856$b50$c20220301$lBLL01$h1510
=CAT  \\$aBATCH-UPD$b50$c20220301$lBLL01$h1528
=CAT  \\$aRESET-LEV$b50$c20220302$lBLL01$h0055
=CAT  \\$aRESET-LEV$b50$c20220402$lBLL01$h1727
=CAT  \\$aRESET-LEV$b50$c20220502$lBLL01$h0242
=CAT  \\$aRESET-LEV$b50$c20220602$lBLL01$h2126
=CAT  \\$aRESET-LEV$b50$c20220702$lBLL01$h1729
=CAT  \\$aRESET-LEV$b50$c20220802$lBLL01$h0353
=CAT  \\$aRESET-LEV$b50$c20220902$lBLL01$h2222
=CAT  \\$aRESET-LEV$b50$c20221003$lBLL01$h0414
=CAT  \\$aRESET-LEV$b50$c20221102$lBLL01$h0233
=CAT  \\$aRESET-LEV$b50$c20221202$lBLL01$h2225
=CAT  \\$aRESET-LEV$b50$c20230102$lBLL01$h0300
=CAT  \\$aRESET-LEV$b50$c20230202$lBLL01$h2127
=CAT  \\$aRESET-LEV$b50$c20230302$lBLL01$h2136
=CAT  \\$aRESET-LEV$b50$c20230403$lBLL01$h0241
=CAT  \\$aRESET-LEV$b50$c20230502$lBLL01$h0324
=CAT  \\$aRESET-LEV$b50$c20230602$lBLL01$h2227
=CAT  \\$aRESET-LEV$b50$c20230703$lBLL01$h0508
=CAT  \\$aRESET-LEV$b50$c20230802$lBLL01$h0210
=CAT  \\$aRESET-LEV$b50$c20230902$lBLL01$h1741
=CAT  \\$aRESET-LEV$b50$c20231002$lBLL01$h0445
=FIN  \\$aY
=FMT  \\$a  SE
=LAS  \\$aRESET-LEV$b50$c20231002$lBLL01$h0445
=LEO  \\$aMP35.0000116354
=LKR  \\$aPAR$lBLL01$r78500$nGuernsey Star -vol.138.no.90 - vol.140.no.4293 (19 April 1950 - 30 Oct.1965)$b013907578$mThe Star. - vol.57.no.9 - vol.138.no.89 (17 July 1869 - 12 Sept.1944; 10 Jan.1945 - 18 April 1950)
=NID  \\$aNID0015555
=SRC  \\$aNPLv17$bbibmp35.20070831.aa
=TCO  \\$aZZZ$c008

