=LDR  03654cas a2200793u  4500
=001  013908062
=003  Uk
=005  20220301151018.0
=008  950421d18361923||||||n|||\\\\0\\\|||||\\
=019  n\$aNLC0017065
=040  \\$aUk$cUk
=082  04$a072.276$222
=245  04$aThe Hampshire Independent, etc.
=336  \\$atext$2rdacontent
=337  \\$aunmediated$2rdamedia
=338  \\$avolume$2rdacarrier
=500  \\$aIncorporated with "Hampshire Advertiser".
=500  \\$aFrom 1 Jan.1870 to 26 Nov.1881 Saturday editions were entitled "The Weekly Hampshire Independent"; from 3 Jan.1870 to 31 March 1871 the newspaper was published from Monday to Friday under the title "The Daily Hampshire Independent", and from 5 April 1871 to 23 Nov.1881 on Wednesdays under the title "The Mid-Weekly Hampshire Independent".
=500  \\$aMicrofilm only: 1890,1896,1897,1911.
=651  \0$aHampshire (England)$vNewspapers.
=651  \0$aSouthampton (England)$vNewspapers.
=752  \\$aEngland$bHampshire$dSouthampton.$2blnpn
=852  41$31881-2003$aBritish Library$bNPL
=852  41$31912$aBritish Library$bNPL$cEW$jM2496
=852  41$31877$aBritish Library$bNPL$cEW$j219 [1877]
=852  41$31897$aBritish Library$bNPL$cEW$j27 [1897]$xJul - Dec
=852  41$31877$aBritish Library$bNPL$cEW$j219 [1877]
=852  41$31880$aBritish Library$bNPL$cEW$j409 [1880]
=852  41$31897$aBritish Library$bNPL$cEW$j27 [1897]$xJul - Dec
=852  41$31897$aBritish Library$bNPL$cEW$j27 [1897]$xJul - Dec
=852  41$aBritish Library$bNPL$jNEWS shelfmarks - see explore.bl.uk for full holdings
=852  41$aBritish Library$bHMNTS$zMicroform.$jMFM shelfmarks - see explore.bl.uk for full holdings
=852  41$aBritish Library$bNPL$jPENN shelfmarks - see explore.bl.uk for full holdings
=856  42$31836-1852, 1858-1895, 1898-1910, 1912-1923$uhttp://www.britishnewspaperarchive.co.uk/search/results?TitleId=BL/0002941$yBritish Newspaper Archive
=866  \0$aNewspapers :no.42-4757 (9 Jan.1836 - 20 July 1923)
=CAT  \\$aBATCH-NPL$b00$c20070912$lBLL01$h1139
=CAT  \\$aBATCH-856$b50$c20220207$lBLL01$h0756
=CAT  \\$aBATCH-UPD$b50$c20220207$lBLL01$h0818
=CAT  \\$aBATCH-856$b50$c20220214$lBLL01$h0937
=CAT  \\$aBATCH-UPD$b50$c20220214$lBLL01$h1000
=CAT  \\$aBATCH-856$b50$c20220301$lBLL01$h1510
=CAT  \\$aBATCH-UPD$b50$c20220301$lBLL01$h1528
=CAT  \\$aRESET-LEV$b50$c20220302$lBLL01$h0055
=CAT  \\$aRESET-LEV$b50$c20220402$lBLL01$h1728
=CAT  \\$aRESET-LEV$b50$c20220502$lBLL01$h0242
=CAT  \\$aRESET-LEV$b50$c20220602$lBLL01$h2126
=CAT  \\$aRESET-LEV$b50$c20220702$lBLL01$h1729
=CAT  \\$aRESET-LEV$b50$c20220802$lBLL01$h0353
=CAT  \\$aRESET-LEV$b50$c20220902$lBLL01$h2222
=CAT  \\$aRESET-LEV$b50$c20221003$lBLL01$h0414
=CAT  \\$aRESET-LEV$b50$c20221102$lBLL01$h0233
=CAT  \\$aRESET-LEV$b50$c20221202$lBLL01$h2225
=CAT  \\$aRESET-LEV$b50$c20230102$lBLL01$h0300
=CAT  \\$aRESET-LEV$b50$c20230202$lBLL01$h2127
=CAT  \\$aRESET-LEV$b50$c20230302$lBLL01$h2136
=CAT  \\$aRESET-LEV$b50$c20230403$lBLL01$h0241
=CAT  \\$aRESET-LEV$b50$c20230502$lBLL01$h0324
=CAT  \\$aRESET-LEV$b50$c20230602$lBLL01$h2227
=CAT  \\$aRESET-LEV$b50$c20230703$lBLL01$h0508
=CAT  \\$aRESET-LEV$b50$c20230802$lBLL01$h0210
=CAT  \\$aRESET-LEV$b50$c20230902$lBLL01$h1741
=CAT  \\$aRESET-LEV$b50$c20231002$lBLL01$h0445
=FIN  \\$aY
=FMT  \\$a  SE
=LAS  \\$aRESET-LEV$b50$c20231002$lBLL01$h0445
=LEO  \\$aMP35.0000116769
=NID  \\$aNID0015914
=SRC  \\$aNPLv17$bbibmp35.20070831.aa
=TCO  \\$aZZZ$c008

