=LDR  04063cas a2200925 a 4500
=001  013909461
=003  Uk
=005  20220301151019.0
=007  t|
=008  960724d18681911stkwr\ne\\\\\\0\\\a0eng\d
=019  n\$aNLC0018174
=035  \\$a(StEdNL)2764267
=038  \\$aOCoLC
=040  \\$aStEdNL$dUk
=042  \\$aukblsr
=043  \\$ae-uk-st
=082  04$a072.9134$222
=245  04$aThe Leith herald and general advertiser.
=246  17$aLeith herald
=260  \\$aSouth Leith :$bE. Drummond,$c1868-1911.
=260  3\$aSouth Leith :$bSteven & Hope
=300  \\$a2261 v. :$bill. ;$c61 cm.
=310  \\$aWeekly
=336  \\$atext$2rdacontent
=337  \\$aunmediated$2rdamedia
=338  \\$avolume$2rdacarrier
=362  0\$aNo. 718 (Oct. 17, 1868)-no. 2978 (July 7, 1911).
=533  \\$aMicrofilm.$bLondon :$cBritish Library.$e35 mm.$m17 Oct. 1868-2 Apr. 1870, 28 Apr. 1877-7 July 1911.
=533  \\$aMicrofilm.$bLondon :$cBritish Library,$d2004.$e35 mm.$m24 July-7 Aug. 1875, 19 Jan. 1895.$nProduced by Newsplan 2000 project from originals held by the National Library of Scotland.
=588  \\$aDescription based on: No. 1079 (July 24, 1875).
=588  \\$aLatest issue consulted: No. 2119 (Jan. 19, 1895).
=651  \0$aLeith (Edinburgh, Scotland)$vNewspapers.
=651  \0$aEdinburgh (Scotland)$vNewspapers.
=651  \0$aLothian (Scotland)$vNewspapers.
=752  \\$aScotland$bLothian$dEdinburgh.$2blnpn
=780  00$tHerald & reformer, and general advertiser
=785  04$tLeith burghs pilot, and East Coast advertiser
=852  41$31890$aBritish Library$bNPL$cSCT$j1438 [1890]
=852  41$aBritish Library$bNPL
=852  41$31854$aBritish Library$bNPL$cSCT$j705 [1854]
=852  41$31854$aBritish Library$bNPL$cSCT$j705 [1854]
=852  41$aBritish Library$bNPL$jNEWS shelfmarks - see explore.bl.uk for full holdings
=852  41$aBritish Library$bHMNTS$zMicroform.$jMFM shelfmarks - see explore.bl.uk for full holdings
=856  42$31879-1886, 1888-1891$uhttp://www.britishnewspaperarchive.co.uk/search/results?TitleId=BL/0004097$yBritish Newspaper Archive
=866  \\$aNewspapers :No. 718-795, 1171-2978 (17 Oct. 1868-2 April 1870; 28 April 1877-7 July 1911); This record has holdings for both print and microfilm versions. Print issues are not available for conservation reasons where an alternative format exists.
=CAT  \\$aBATCH-NPL$b00$c20070912$lBLL01$h1140
=CAT  \\$aBATCH-LINK$b00$c20070915$lBLL01$h0507
=CAT  \\$aBATCH$b00$c20070916$lBLL01$h1805
=CAT  \\$aB-BSS-DEL$b00$c20080331$lBLL01$h1544
=CAT  \\$a6537$b40$c20110120$lBLL01$h1026
=CAT  \\$aNPL-008-N$c20110504$lBLL01$h2219
=CAT  \\$aADD-NID$b00$c20110805$lBLL01$h1428
=CAT  \\$a8323$b40$c20111027$lBLL01$h1536
=CAT  \\$a8323$b40$c20111027$lBLL01$h1603
=CAT  \\$a8323$b40$c20111027$lBLL01$h1626
=CAT  \\$a8323$b40$c20111027$lBLL01$h1634
=CAT  \\$a8323$b40$c20111104$lBLL01$h1028
=CAT  \\$aNPL-LOCK$b77$c20140207$lBLL01$h2203
=CAT  \\$c20140214$lBLL01$h1743
=CAT  \\$aNSB-MIG$b50$c20140215$lBLL01$h0147
=CAT  \\$aNSB-MIG$b50$c20140215$lBLL01$h0148
=CAT  \\$aNSB-MIG$b50$c20140215$lBLL01$h0150
=CAT  \\$aRESET-LEV$b50$c20140302$lBLL01$h2351
=CAT  \\$c20140922$lBLL01$h1514
=CAT  \\$aRESET-LEV$b50$c20141002$lBLL01$h2128
=CAT  \\$c20141007$lBLL01$h1310
=CAT  \\$c20141007$lBLL01$h1313
=CAT  \\$c20141014$lBLL01$h1028
=CAT  \\$aBATCH-856$b50$c20220301$lBLL01$h1510
=CAT  \\$aBATCH-UPD$b50$c20220301$lBLL01$h1529
=FIN  \\$aY
=FMT  \\$a  SE
=LAS  \\$aBATCH-UPD$b50$c20220301$lBLL01$h1529
=LEO  \\$aMP35.0000117861.2
=LKR  \\$aPAR$b013909460$lBLL01$r78000$mLeith herald and general advertiser$nHerald & reformer, and general advertiser
=LKR  \\$aPAR$b015957429$lBLL01$r78000$mLeith herald and general advertiser$nHerald & reformer, and general advertiser
=NID  \\$aNID0017160
=SID  \\$aZ39$bRLUK
=SRC  \\$aNPLv17$bbibmp35.20070831.aa
=TCO  \\$aCLA$bCLA$c008

