=LDR  03378cas a2200745u  4500
=001  013910497
=003  Uk
=005  20220301151021.0
=008  950421d18851903||||||n|||\\\\0\\\||eng\\
=019  n\$aNLC0019126
=040  \\$aUk$cUk
=082  04$a072.144$222
=245  04$aThe Hackney Express and Shoreditch Observer.
=336  \\$atext$2rdacontent
=337  \\$aunmediated$2rdamedia
=338  \\$avolume$2rdacarrier
=651  \0$aHackney (London, England)$vNewspapers.
=752  \\$aEngland$dLondon$fHackney.$2blnpn
=780  00$tBorough of Hackney Express and Shoreditch Observer$gno.617-1491 (24 Oct.1868 - 25 July 1885)$w013910496
=785  00$tShoreditch Observer, Hackney Express and Bethnal Green Chronicle, etc$gno.2453-3068 (2 Jan.1904 - 27 Aug.1915)$w013910498
=852  41$aBritish Library$bNPL
=852  \\$aBritish Library$bNPL$cEW
=852  \\$aBritish Library$bNPL$cEW
=852  41$aBritish Library$bNPL$jNEWS shelfmarks - see explore.bl.uk for full holdings
=852  41$aBritish Library$bHMNTS$zMicroform.$jMFM shelfmarks - see explore.bl.uk for full holdings
=856  42$31885-1903$uhttp://www.britishnewspaperarchive.co.uk/search/results?TitleId=BL/0001025$yBritish Newspaper Archive
=866  \0$aNewspapers :no.1492-2452 (1 Aug.1885 - 26 Dec.1903)
=883  0\$aLanguage codes assigned by Bayesian analysis of words present in record$d20200826$qUk$c0.9919
=985  \\$aDisaggregated Record: NPL
=985  \\$aUpgraded by BSS-generated file for WR2009-0365
=CAT  \\$aBATCH-NPL$b00$c20070912$lBLL01$h1141
=CAT  \\$aBATCH-856$b50$c20220207$lBLL01$h0756
=CAT  \\$aBATCH-UPD$b50$c20220207$lBLL01$h0819
=CAT  \\$aBATCH-856$b50$c20220214$lBLL01$h0937
=CAT  \\$aBATCH-UPD$b50$c20220214$lBLL01$h1002
=CAT  \\$aBATCH-856$b50$c20220301$lBLL01$h1510
=CAT  \\$aBATCH-UPD$b50$c20220301$lBLL01$h1530
=CAT  \\$aRESET-LEV$b50$c20220302$lBLL01$h0056
=CAT  \\$aRESET-LEV$b50$c20220402$lBLL01$h1728
=CAT  \\$aRESET-LEV$b50$c20220502$lBLL01$h0243
=CAT  \\$aRESET-LEV$b50$c20220602$lBLL01$h2127
=CAT  \\$aRESET-LEV$b50$c20220702$lBLL01$h1730
=CAT  \\$aRESET-LEV$b50$c20220802$lBLL01$h0354
=CAT  \\$aRESET-LEV$b50$c20220902$lBLL01$h2222
=CAT  \\$aRESET-LEV$b50$c20221003$lBLL01$h0415
=CAT  \\$aRESET-LEV$b50$c20221102$lBLL01$h0234
=CAT  \\$aRESET-LEV$b50$c20221202$lBLL01$h2226
=CAT  \\$aRESET-LEV$b50$c20230102$lBLL01$h0302
=CAT  \\$aRESET-LEV$b50$c20230202$lBLL01$h2128
=CAT  \\$aRESET-LEV$b50$c20230302$lBLL01$h2136
=CAT  \\$aRESET-LEV$b50$c20230403$lBLL01$h0242
=CAT  \\$aRESET-LEV$b50$c20230502$lBLL01$h0325
=CAT  \\$aRESET-LEV$b50$c20230602$lBLL01$h2227
=CAT  \\$aRESET-LEV$b50$c20230703$lBLL01$h0509
=CAT  \\$aRESET-LEV$b50$c20230802$lBLL01$h0211
=CAT  \\$aRESET-LEV$b50$c20230902$lBLL01$h1743
=CAT  \\$aRESET-LEV$b50$c20231002$lBLL01$h0446
=FIN  \\$aY
=FMT  \\$a  SE
=LAS  \\$aRESET-LEV$b50$c20231002$lBLL01$h0446
=LEO  \\$aMP35.0000118804.3
=LKR  \\$aPAR$lBLL01$r78500$nShoreditch Observer, Hackney Express and Bethnal Green Chronicle, etc - no.2453-3068 (2 Jan.1904 - 27 Aug.1915)$b013910498$mThe Hackney Express and Shoreditch Observer. - no.1492-2452 (1 Aug.1885 - 26 Dec.1903)
=NID  \\$aNID0018016
=SRC  \\$aNPLv17$bbibmp35.20070831.aa
=TCO  \\$aZZZ$c008

