=LDR  04402cas a2200841u  4500
=001  013911863
=003  Uk
=005  20220301151022.0
=008  950421d18641938||||||n|||\\\\0\\\||eng\\
=019  n\$aNLC0020922
=040  \\$aUk$cUk$dUk
=082  04$a072.1$222
=245  04$aThe Illustrated Police News, etc.
=336  \\$atext$2rdacontent
=337  \\$aunmediated$2rdamedia
=338  \\$avolume$2rdacarrier
=500  \\$aFrom 1 Jan. 1935 to 8 Sept. 1956 there are two editions.
=500  \\$aWanting: 1875.
=500  \\$aHard copy: 20 Feb.1864; 1867-74, 1876-1980.
=500  \\$aMicrofilm: 20 Feb.1864;1867-74, 1876-1905.
=585  \\$a20 Oct. 1888. Copy at NEWS11833. Exhibited: "Terror and Wonder: the Gothic Imagination" British Library, London, 3 October 2014 - 20 January 2015.$5Uk
=585  \\$34 May 1895.$aCopy at NEWS11833. Exhibited: "Discovering literature: Romantics and Victorians" (online), 20 February 2014-.$5Uk
=585  \\$324 November 1888.$aCopy at NEWS11833. Exhibited: "Discovering literature: Romantics and Victorians" (online), 20 February 2014-.$5Uk
=585  \\$320 April 1895.$aCopy at NEWS11833. Exhibited: "Discovering literature: Romantics and Victorians" (online), 20 February 2014-.$5Uk
=585  \\$36 October 1888.$aCopy at NEWS11833. Exhibited: "Discovering literature: Romantics and Victorians" (online), 20 February 2014-.$5Uk
=585  \\$322 September 1888.$aCopy at NEWS11833. Exhibited: "Discovering literature: Romantics and Victorians" (online), 20 February 2014-.$5Uk
=585  \\$320 April 1895$aCopy at MFM.M40884. Exhibited: "Discovering literature: 20th century" (online), 25 May 2016-.$5Uk
=651  \0$aLondon (England)$vNewspapers.
=752  \\$aEngland$dLondon.$2blnpn
=785  00$tSporting Record$gno.3863-3915; [New series.] no.53-2129 (9 March 1938 - 22 Sept.1979)$w013911864
=852  41$31877$aBritish Library$bNPL$cLON$jLD12$xBound with Sporting Life
=852  \\$aBritish Library$bNPL
=852  41$aBritish Library$bNPL$jNEWS shelfmarks - see explore.bl.uk for full holdings
=852  41$aBritish Library$bHMNTS$z20 Jun-Dec 1860$zMicroform.$jMFM shelfmarks - see explore.bl.uk for full holdings
=852  41$aBritish Library$bNPL$zScottish ed.$jPENN shelfmarks - see explore.bl.uk for full holdings
=856  42$31867-1938$uhttp://www.britishnewspaperarchive.co.uk/search/results?TitleId=BL/0000072$yBritish Newspaper Archive
=866  \0$aNewspapers :no.1, 151-3862 (20 Feb.1864; 5 Jan.1867 - 3 March 1938)
=985  \\$aDisaggregated Record: NPL
=CAT  \\$aBATCH-NPL$b00$c20070912$lBLL01$h1142
=CAT  \\$aBATCH-856$b50$c20220207$lBLL01$h0756
=CAT  \\$aBATCH-UPD$b50$c20220207$lBLL01$h0820
=CAT  \\$aBATCH-856$b50$c20220214$lBLL01$h0937
=CAT  \\$aBATCH-UPD$b50$c20220214$lBLL01$h1002
=CAT  \\$aBATCH-856$b50$c20220301$lBLL01$h1510
=CAT  \\$aBATCH-UPD$b50$c20220301$lBLL01$h1530
=CAT  \\$aRESET-LEV$b50$c20220302$lBLL01$h0056
=CAT  \\$aRESET-LEV$b50$c20220402$lBLL01$h1728
=CAT  \\$aRESET-LEV$b50$c20220502$lBLL01$h0243
=CAT  \\$aRESET-LEV$b50$c20220602$lBLL01$h2127
=CAT  \\$aRESET-LEV$b50$c20220702$lBLL01$h1730
=CAT  \\$aRESET-LEV$b50$c20220802$lBLL01$h0354
=CAT  \\$aRESET-LEV$b50$c20220902$lBLL01$h2222
=CAT  \\$aRESET-LEV$b50$c20221003$lBLL01$h0415
=CAT  \\$aRESET-LEV$b50$c20221102$lBLL01$h0234
=CAT  \\$aRESET-LEV$b50$c20221202$lBLL01$h2226
=CAT  \\$aRESET-LEV$b50$c20230102$lBLL01$h0302
=CAT  \\$aRESET-LEV$b50$c20230202$lBLL01$h2128
=CAT  \\$aRESET-LEV$b50$c20230302$lBLL01$h2136
=CAT  \\$aRESET-LEV$b50$c20230403$lBLL01$h0242
=CAT  \\$aRESET-LEV$b50$c20230502$lBLL01$h0325
=CAT  \\$aRESET-LEV$b50$c20230602$lBLL01$h2227
=CAT  \\$aRESET-LEV$b50$c20230703$lBLL01$h0509
=CAT  \\$aRESET-LEV$b50$c20230802$lBLL01$h0211
=CAT  \\$aRESET-LEV$b50$c20230902$lBLL01$h1743
=CAT  \\$aRESET-LEV$b50$c20231002$lBLL01$h0446
=FIN  \\$aY
=FMT  \\$a  SE
=LAS  \\$aRESET-LEV$b50$c20231002$lBLL01$h0446
=LEO  \\$aMP35.0000120582
=LKR  \\$aPAR$lBLL01$r78500$nSporting Record - no.3863-3915; [New series.] no.53-2129 (9 March 1938 - 22 Sept.1979)$b013911864$mThe Illustrated Police News, etc. - no.1, 151-3862 (20 Feb.1864; 5 Jan.1867 - 3 March 1938)
=NID  \\$aNID0018579
=SRC  \\$aNPLv17$bbibmp35.20070831.aa
=TCO  \\$aZZZ$c008

