=LDR  10701cas a2201885u  4500
=001  013916232
=003  Uk
=005  20220301151025.0
=008  950421d18651931||||||n|||\\\\0\\\||eng\\
=019  n\$aNLC0029526
=019  x\$a500001491X
=040  \\$aUk$cUk
=082  04$a072.1$222
=245  04$aThe Sporting Times :$bOtherwise known as "The Pink 'un". A chronicle of racing, literature, art and the drama.
=246  1\$iFrom no. 914 (March 26 1881) has variant title:$aPink 'un
=336  \\$atext$2rdacontent
=337  \\$aunmediated$2rdamedia
=338  \\$avolume$2rdacarrier
=500  \\$aIssues published from 25 Oct.1930 to 5 Dec.1931 (nos.3501-3559) are registration issues only.
=651  \0$aLondon (England)$vNewspapers.
=752  \\$aEngland$dLondon.$2blnpn
=852  41$31887$aBritish Library$bNPL$cLON$jLD95$xBound with Public Ledger
=852  41$31870-1932$aBritish Library$bNPL$jNEWS12057
=852  41$31873-1874$aBritish Library$bNPL$cLON$jLD95$xBound with Public Ledger
=852  41$31877$aBritish Library$bHMNTS$zMicroform.$jMFM.M37922 [1877]
=852  41$31925$aBritish Library$bNPL$jPENN.NT124
=852  41$31879-1925$aBritish Library$bNPL$jNEWS12625
=852  \\$aBritish Library$bNPL
=852  41$31864-1938$aBritish Library$bNPL$jNEWS11833
=852  41$31867, 1869-1870$aBritish Library$bHMNTS$zMicroform.$jMFM.M40886
=852  41$31874, 1876, 1878$aBritish Library$bHMNTS$zMicroform.$jMFM.M40879
=852  41$31885-1886, 1890$aBritish Library$bHMNTS$zMicroform.$jMFM.M40882
=852  41$31876$aBritish Library$bNPL$cLON$jLD12$xBound with Sporting Life
=852  41$31935$aBritish Library$bHMNTS$zMicroform.$jMFM.M74965 [1935]
=852  41$31936$aBritish Library$bHMNTS$zMicroform.$jMFM.M74966 [1936]
=852  41$31937-1938$aBritish Library$bHMNTS$zMicroform.$jMFM.M74967 [1937-1938]
=852  41$31868$aBritish Library$bHMNTS$zMicroform.$jMFM.M33501 [1868]
=852  41$31871-1873$aBritish Library$bHMNTS$zMicroform.$jMFM.M40878 [1871-1873]
=852  41$31877$aBritish Library$bHMNTS$zMicroform.$jMFM.M38597 [1877]
=852  41$31879-1881$aBritish Library$bHMNTS$zMicroform.$jMFM.M40880 [1879-1881]
=852  41$31882-1884$aBritish Library$bHMNTS$zMicroform.$jMFM.M40881 [1882-1884]
=852  41$31887$aBritish Library$bHMNTS$zMicroform.$jMFM.M30791 [1887]
=852  41$31888$aBritish Library$bHMNTS$zMicroform.$jMFM.M6289 [1888]
=852  41$31889$aBritish Library$bHMNTS$zMicroform.$jMFM.M30792 [1889]
=852  41$31891$aBritish Library$bHMNTS$zMicroform.$jMFM.M40563 [1891]
=852  41$31892$aBritish Library$bHMNTS$zMicroform.$jMFM.M8584 [1892]
=852  41$31893-1894$aBritish Library$bHMNTS$zMicroform.$jMFM.M40883 [1893-1894]
=852  41$31895-1896$aBritish Library$bHMNTS$zMicroform.$jMFM.M40884 [1895-1896]
=852  41$31897-1898$aBritish Library$bHMNTS$zMicroform.$jMFM.M40885 [1897-1898]
=852  41$31899$aBritish Library$bHMNTS$zMicroform.$jMFM.M36229 [1899]
=852  41$31900$aBritish Library$bHMNTS$zMicroform.$jMFM.M30493 [1900]
=852  41$31901$aBritish Library$bHMNTS$zMicroform.$jMFM.M35682 [1901]
=852  41$31902$aBritish Library$bHMNTS$zMicroform.$jMFM.M35826 [1902]
=852  41$31903$aBritish Library$bHMNTS$zMicroform.$jMFM.M41657 [1903]
=852  41$31904$aBritish Library$bHMNTS$zMicroform.$jMFM.M33705 [1904]
=852  41$31905$aBritish Library$bHMNTS$zMicroform.$jMFM.M33706 [1905]
=852  41$31906$aBritish Library$bHMNTS$zMicroform.$jMFM.M74945 [1906]
=852  41$31907$aBritish Library$bHMNTS$zMicroform.$jMFM.M74946 [1907]
=852  41$31908$aBritish Library$bHMNTS$zMicroform.$jMFM.M74947 [1908]
=852  41$31909$aBritish Library$bHMNTS$zMicroform.$jMFM.M74948 [1909]
=852  41$31910$aBritish Library$bHMNTS$zMicroform.$jMFM.M74949 [1910]
=852  41$31911$aBritish Library$bHMNTS$zMicroform.$jMFM.M74950 [1911]
=852  41$31912$aBritish Library$bHMNTS$zMicroform.$jMFM.M74951 [1912]
=852  41$31913$aBritish Library$bHMNTS$zMicroform.$jMFM.M74952 [1913]
=852  41$31914$aBritish Library$bHMNTS$zMicroform.$jMFM.M74953 [1914]
=852  41$31915$aBritish Library$bHMNTS$zMicroform.$jMFM.M74954 [1915]
=852  41$31916$aBritish Library$bHMNTS$zMicroform.$jMFM.M74955 [1916]
=852  41$31917$aBritish Library$bHMNTS$zMicroform.$jMFM.M74956 [1917]
=852  41$31918-1919$aBritish Library$bHMNTS$zMicroform.$jMFM.M74957 [1918-1919]
=852  41$31920-1921$aBritish Library$bHMNTS$zMicroform.$jMFM.M74958 [1920-1921]
=852  41$31922-1924$aBritish Library$bHMNTS$zMicroform.$jMFM.M74959 [1922-1924]
=852  41$31925-1926$aBritish Library$bHMNTS$zMicroform.$jMFM.M74960 [1925-1926]
=852  41$31927-1928$aBritish Library$bHMNTS$zMicroform.$jMFM.M74961 [1927-1928]
=852  41$31929-1930$aBritish Library$bHMNTS$zMicroform.$jMFM.M74962 [1929-1930]
=852  41$31931-1932$aBritish Library$bHMNTS$zMicroform.$jMFM.M74963 [1931-1932]
=852  41$31933-1934$aBritish Library$bHMNTS$zMicroform.$jMFM.M74964 [1933-1934]
=852  41$31865-1931$aBritish Library$bNPL$jNEWS12624
=852  41$31865-1866$aBritish Library$bHMNTS$zMicroform.$jMFM.M74072 [1865-1866]
=852  41$31867-1868$aBritish Library$bHMNTS$zMicroform.$jMFM.M74073 [1867-1868]
=852  41$31869$aBritish Library$bHMNTS$zMicroform.$jMFM.M64102 [1869]
=852  41$31871-1872$aBritish Library$bHMNTS$zMicroform.$jMFM.M74074 [1871-1872]
=852  41$31873-1874$aBritish Library$bHMNTS$zMicroform.$jMFM.M74075 [1873-1874]
=852  41$31875-1876$aBritish Library$bHMNTS$zMicroform.$jMFM.M74076 [1875-1876]
=852  41$31877$aBritish Library$bHMNTS$zMicroform.$jMFM.M74077 [1877]
=852  41$31878$aBritish Library$bHMNTS$zMicroform.$jMFM.M39079 [1878]
=852  41$31879$aBritish Library$bHMNTS$zMicroform.$jMFM.M74078 [1879]
=852  41$31880$aBritish Library$bHMNTS$zMicroform.$jMFM.M74079 [1880]
=852  41$31881$aBritish Library$bHMNTS$zMicroform.$jMFM.M74080 [1881]
=852  41$31882$aBritish Library$bHMNTS$zMicroform.$jMFM.M29090 [1882]
=852  41$31883$aBritish Library$bHMNTS$zMicroform.$jMFM.M74081 [1883]
=852  41$31884$aBritish Library$bHMNTS$zMicroform.$jMFM.M74082 [1884]
=852  41$31885$aBritish Library$bHMNTS$zMicroform.$jMFM.M74083 [1885]
=852  41$31886$aBritish Library$bHMNTS$zMicroform.$jMFM.M74084 [1886]
=852  41$31887-1888$aBritish Library$bHMNTS$zMicroform.$jMFM.M74085 [1887-1888]
=852  41$31889$aBritish Library$bHMNTS$zMicroform.$jMFM.M64103 [1889]
=852  41$31890$aBritish Library$bHMNTS$zMicroform.$jMFM.M64104 [1890]
=852  41$31891-1892$aBritish Library$bHMNTS$zMicroform.$jMFM.M74086 [1891-1892]
=852  41$31893-1894$aBritish Library$bHMNTS$zMicroform.$jMFM.M64105 [1893-1894]
=852  41$31895$aBritish Library$bHMNTS$zMicroform.$jMFM.M64106 [1895]
=852  41$31896$aBritish Library$bHMNTS$zMicroform.$jMFM.M64107 [1896]
=852  41$31898-1899$aBritish Library$bHMNTS$zMicroform.$jMFM.M74087 [1898-1899]
=852  41$31900-1901$aBritish Library$bHMNTS$zMicroform.$jMFM.M74088 [1900-1901]
=852  41$31902-1903$aBritish Library$bHMNTS$zMicroform.$jMFM.M74089 [1902-1903]
=852  41$31904$aBritish Library$bHMNTS$zMicroform.$jMFM.M74090 [1904]
=852  41$31905$aBritish Library$bHMNTS$zMicroform.$jMFM.M74091 [1905]
=852  41$31906-1907$aBritish Library$bHMNTS$zMicroform.$jMFM.M74092 [1906-1907]
=852  41$31908-1909$aBritish Library$bHMNTS$zMicroform.$jMFM.M74093 [1908-1909]
=852  41$31910-1911$aBritish Library$bHMNTS$zMicroform.$jMFM.M74094 [1910-1911]
=852  41$31912$aBritish Library$bHMNTS$zMicroform.$jMFM.M74095 [1912]
=852  41$31913$aBritish Library$bHMNTS$zMicroform.$jMFM.M74096 [1913]
=852  41$31914-1915$aBritish Library$bHMNTS$zMicroform.$jMFM.M74097 [1914-1915]
=852  41$31916-1917$aBritish Library$bHMNTS$zMicroform.$jMFM.M74098 [1916-1917]
=852  41$31918-1919$aBritish Library$bHMNTS$zMicroform.$jMFM.M64108 [1918-1919]
=852  41$31920-1921$aBritish Library$bHMNTS$zMicroform.$jMFM.M74099 [1920-1921]
=852  41$31922-1923$aBritish Library$bHMNTS$zMicroform.$jMFM.M64109 [1922-1923]
=852  41$31924-1925$aBritish Library$bHMNTS$zMicroform.$jMFM.M74100 [1924-1925]
=852  41$31926-1927$aBritish Library$bHMNTS$zMicroform.$jMFM.M74101 [1926-1927]
=852  41$31928-1929$aBritish Library$bHMNTS$zMicroform.$jMFM.M74102 [1928-1929]
=852  41$31930$aBritish Library$bHMNTS$zMicroform.$jMFM.M64110 [1930]
=852  41$31870$aBritish Library$bHMNTS$zMicroform.$jMFM.M77820 [1870]
=856  42$31865-1868, 1870-1888, 1890-1892, 1895-1896, 1898-1917, 1920-1921, 1924-1929$uhttp://www.britishnewspaperarchive.co.uk/search/results?TitleId=BL/0001682$yBritish Newspaper Archive
=866  \0$aNewspapers :no.1-3559 (11 Feb.1865 - 5 Dec.1931)
=883  0\$aLanguage codes assigned by Bayesian analysis of words present in record$d20200826$qUk$c0.9919
=985  \\$aUpgraded by BSS-generated file for WR2009-0365
=CAT  \\$aBATCH-NPL$b00$c20070912$lBLL01$h1144
=CAT  \\$aBATCH-856$b50$c20220207$lBLL01$h0756
=CAT  \\$aBATCH-UPD$b50$c20220207$lBLL01$h0821
=CAT  \\$aBATCH-856$b50$c20220214$lBLL01$h0937
=CAT  \\$aBATCH-UPD$b50$c20220214$lBLL01$h1003
=CAT  \\$aBATCH-856$b50$c20220301$lBLL01$h1510
=CAT  \\$aBATCH-UPD$b50$c20220301$lBLL01$h1531
=CAT  \\$aRESET-LEV$b50$c20220302$lBLL01$h0056
=CAT  \\$aRESET-LEV$b50$c20220402$lBLL01$h1728
=CAT  \\$aRESET-LEV$b50$c20220502$lBLL01$h0243
=CAT  \\$aRESET-LEV$b50$c20220602$lBLL01$h2127
=CAT  \\$aRESET-LEV$b50$c20220702$lBLL01$h1730
=CAT  \\$aRESET-LEV$b50$c20220802$lBLL01$h0354
=CAT  \\$aRESET-LEV$b50$c20220902$lBLL01$h2223
=CAT  \\$aRESET-LEV$b50$c20221003$lBLL01$h0415
=CAT  \\$aRESET-LEV$b50$c20221102$lBLL01$h0234
=CAT  \\$aRESET-LEV$b50$c20221202$lBLL01$h2226
=CAT  \\$aRESET-LEV$b50$c20230102$lBLL01$h0302
=CAT  \\$aRESET-LEV$b50$c20230202$lBLL01$h2128
=CAT  \\$aRESET-LEV$b50$c20230302$lBLL01$h2137
=CAT  \\$aRESET-LEV$b50$c20230403$lBLL01$h0242
=CAT  \\$aRESET-LEV$b50$c20230502$lBLL01$h0325
=CAT  \\$aRESET-LEV$b50$c20230602$lBLL01$h2228
=CAT  \\$aRESET-LEV$b50$c20230703$lBLL01$h0509
=CAT  \\$aRESET-LEV$b50$c20230802$lBLL01$h0211
=CAT  \\$aRESET-LEV$b50$c20230902$lBLL01$h1744
=CAT  \\$aRESET-LEV$b50$c20231002$lBLL01$h0447
=FIN  \\$aY
=FMT  \\$a  SE
=LAS  \\$aRESET-LEV$b50$c20231002$lBLL01$h0447
=LEO  \\$aMP35.0000129091
=LEO  \\$aMP1.0004403014
=NID  \\$aNID0020772
=SRC  \\$aNPLv17$bbibmp35.20070831.aa
=SRC  \\$aBLS01$bbibmp1.200404.2.ae
=TCO  \\$aZZZ$c008

