=LDR  03106cas a2200781ui 4500
=001  013921366
=003  Uk
=005  20220301151026.0
=007  ta
=008  950421d19131916enkmr\p\\\\\\\0\\\a0eng\\
=019  n\$aNLC0000401
=022  0\$a2399-5912$202
=040  \\$aUk$cUk$dUk
=042  \\$aissnuk
=082  04$a305.4205$223
=130  0\$aJus suffragii (London, England : 1913)
=222  \0$aJus suffragii$b(London)
=245  10$aJus suffragii :$bmonthly organ of the International Woman Suffrage Alliance.
=260  \\$aLondon :$bPercy Brothers Ltd.,$c1913-[1916]
=300  \\$aillustrations ;$c35 cm
=310  \\$aMonthly
=336  \\$atext$2rdacontent
=337  \\$aunmediated$2rdamedia
=338  \\$avolume$2rdacarrier
=588  0\$aDescription based on: Volume 7, no. 10 (July 15, 1913).
=650  \0$aWomen's rights$vPeriodicals.
=650  \0$aWomen$xSuffrage$vPeriodicals.
=690  7\$aSocial Welfare$2blcoll
=710  2\$aInternational Woman Suffrage Alliance.
=785  00$tInternational Woman Suffrage News (London, England : 1917)
=852  \\$aBritish Library$bHMNTS$3vol. 7. no. 10-vol. 11. no. 3 (15 July 1913-1 Dec. 1916)
=852  41$31913$aBritish Library$bHMNTS$jLOU.LON 863 [1913]
=852  41$31914$aBritish Library$bHMNTS$jLOU.LON 872 [1914]
=852  41$31915$aBritish Library$bHMNTS$jLOU.LON 631 [1915]
=852  41$31916$aBritish Library$bHMNTS$jHIU.LON 212 [1916]
=856  42$31913-1916$uhttp://www.britishnewspaperarchive.co.uk/search/results?TitleId=BL/0002218$yBritish Newspaper Archive
=CAT  \\$aBATCH-NPL$b00$c20070912$lBLL01$h1148
=CAT  \\$aBATCH-UPD$b50$c20211101$lBLL01$h1411
=CAT  \\$aBATCH-856$b50$c20211108$lBLL01$h1044
=CAT  \\$aBATCH-UPD$b50$c20211108$lBLL01$h1101
=CAT  \\$aBATCH-856$b50$c20211115$lBLL01$h0940
=CAT  \\$aBATCH-UPD$b50$c20211115$lBLL01$h0957
=CAT  \\$aBATCH-856$b50$c20211122$lBLL01$h1254
=CAT  \\$aBATCH-UPD$b50$c20211122$lBLL01$h1310
=CAT  \\$aBATCH-856$b50$c20211220$lBLL01$h1032
=CAT  \\$aBATCH-UPD$b50$c20211220$lBLL01$h1114
=CAT  \\$aBATCH-856$b50$c20211228$lBLL01$h1450
=CAT  \\$aBATCH-UPD$b50$c20211228$lBLL01$h1522
=CAT  \\$aBATCH-856$b50$c20220104$lBLL01$h0958
=CAT  \\$aBATCH-UPD$b50$c20220104$lBLL01$h1021
=CAT  \\$aBATCH-856$b50$c20220110$lBLL01$h1300
=CAT  \\$aBATCH-UPD$b50$c20220110$lBLL01$h1357
=CAT  \\$aBATCH-856$b50$c20220117$lBLL01$h1434
=CAT  \\$aBATCH-UPD$b50$c20220117$lBLL01$h1508
=CAT  \\$aBATCH-856$b50$c20220131$lBLL01$h1010
=CAT  \\$aBATCH-UPD$b50$c20220131$lBLL01$h1030
=CAT  \\$aBATCH-856$b50$c20220207$lBLL01$h0756
=CAT  \\$aBATCH-UPD$b50$c20220207$lBLL01$h0821
=CAT  \\$aBATCH-856$b50$c20220214$lBLL01$h0937
=CAT  \\$aBATCH-UPD$b50$c20220214$lBLL01$h1004
=CAT  \\$aBATCH-856$b50$c20220301$lBLL01$h1510
=CAT  \\$aBATCH-UPD$b50$c20220301$lBLL01$h1531
=FIN  \\$aY
=FMT  \\$a  SE
=LAS  \\$aBATCH-UPD$b50$c20220301$lBLL01$h1531
=LEO  \\$aMP35.0000100387
=SRC  \\$aNPLv17$bbibmp35.20070831.aa
=TCO  \\$aCLA$bCLA$c008

