=LDR  09642cas a22020417a 4500
=001  013921368
=003  Uk
=005  20221231214549.0
=007  ta
=008  950421d19302012enkmr\p\\\\\\\0\\\a0eng\\
=019  n\$aNLC0000401
=019  1\$ar6837035
=019  c\$a2192567
=022  0\$a0020-9120$202
=040  \\$aUk$cUk$dUk
=082  04$a305.405$223
=130  0\$aInternational women's news (London, England : 1930)
=210  0\$aInt. women's news
=222  \0$aInternational women's news
=245  10$aInternational women's news :$bjournal of the International Alliance of Women.
=246  31$aNouvelles feministes internationales
=260  \\$aIsleworth :$bInternational Alliance of Women,$c1930-
=300  \\$av. ;$c30 cm.
=336  \\$atext$2rdacontent
=337  \\$aunmediated$2rdamedia
=338  \\$avolume$2rdacarrier
=362  0\$aVol. 24, no. 5 (Feb. 1930)-
=500  \\$aPublished at Wembley, 1946-1947; at Haywards Heath 1949-1961; at Crawley, 1962-1966.
=540  \\$aCurrent Copyright Fee: GBP25.00$c0$5Uk
=595  \\$aSEE ALSO RMS MFE 1000 SEE ALSO CARD INDEX.
=650  \0$aWomen's rights$vPeriodicals.
=650  \0$aFeminists$vPeriodicals.
=690  7\$aSocial Welfare$2blcoll
=710  2\$aInternational Alliance of Women.
=776  08$iContinued online:$tInternational women's news (London, England : 1930)
=780  00$tInternational woman suffrage news
=852  41$31952-1958$aBritish Library$bNPL$jNEWS9330
=852  41$31998-2001$aBritish Library$bNPL$jNEWS13470
=852  41$32009$aBritish Library$bHMNTS$jLOU.257 [2009]
=852  41$aBritish Library$bHMNTS$jUNP.814$3Vol. 24, no. 5 (Feb. 1930)-
=852  41$aBritish Library$bDSC$cF$j4552.145000$3Volume 4(1906)-v.71(4)(1976)
=852  41$32006$aBritish Library$bHMNTS$jLOU.91 [2006]
=852  41$32007$aBritish Library$bHMNTS$jLOU.251 [2007]
=852  41$31930$aBritish Library$bHMNTS$jLOU.LON 517 [1930]
=852  41$31931$aBritish Library$bHMNTS$jLOU.LON 472 [1931]
=852  41$31932$aBritish Library$bHMNTS$jLOU.LON 718 [1932]
=852  41$31933$aBritish Library$bHMNTS$jLOU.LON 815 [1933]
=852  41$31934$aBritish Library$bHMNTS$jLOU.LON 720 [1934]
=852  41$31935$aBritish Library$bHMNTS$jLOU.LON 861 [1935]
=852  41$31936$aBritish Library$bHMNTS$jLOU.LON 404 [1936]
=852  41$31937$aBritish Library$bHMNTS$jLOU.LON 848 [1937]
=852  41$31938$aBritish Library$bHMNTS$jLOU.LON 679 [1938]
=852  41$31939$aBritish Library$bHMNTS$jLOU.LON 203 [1939]
=852  41$31940$aBritish Library$bHMNTS$jLOU.LON 488 [1940]
=852  41$31941$aBritish Library$bHMNTS$jLOU.LON 184 [1941]
=852  41$31942$aBritish Library$bHMNTS$jLOU.LON 176 [1942]
=852  41$31943$aBritish Library$bHMNTS$jLOU.LON 273 [1943]
=852  41$31944$aBritish Library$bHMNTS$jLOU.LON 509 [1944]
=852  41$31945$aBritish Library$bHMNTS$jLOU.LON 411 [1945]
=852  41$31946$aBritish Library$bHMNTS$jLOU.LON 333 [1946]
=852  41$31947$aBritish Library$bHMNTS$jLOU.LON 350 [1947]
=852  41$31948$aBritish Library$bHMNTS$jLOU.LON 83 [1948]
=852  41$31949$aBritish Library$bHMNTS$jLOU.LON 108 [1949]
=852  41$31950$aBritish Library$bHMNTS$jLOU.LON 77 [1950]
=852  41$31951$aBritish Library$bHMNTS$jLOU.LON 43 [1951]
=852  41$31952$aBritish Library$bHMNTS$jLOU.LON 210 [1952]
=852  41$31953$aBritish Library$bHMNTS$jLOU.LON 480 [1953]
=852  41$31954$aBritish Library$bHMNTS$jLOU.LON 431 [1954]
=852  41$31955$aBritish Library$bHMNTS$jLOU.EW 1414 [1955]
=852  41$31956$aBritish Library$bHMNTS$jLOU.EW 1409 [1956]
=852  41$31957$aBritish Library$bHMNTS$jLOU.EW 841 [1957]
=852  41$31959$aBritish Library$bHMNTS$jLOU.EW 939 [1959]
=852  41$31960$aBritish Library$bHMNTS$jLOU.EW 923 [1960]
=852  41$31961$aBritish Library$bHMNTS$jLOU.294 [1961]
=852  41$31962$aBritish Library$bHMNTS$jLOU.2269 [1962]
=852  41$31963$aBritish Library$bHMNTS$jLOU.2721 [1963]
=852  41$31964$aBritish Library$bHMNTS$jLOU.2913 [1964]
=852  41$31965$aBritish Library$bHMNTS$jLOU.2062 [1965]
=852  41$31966$aBritish Library$bHMNTS$jLOU.2284 [1966]
=852  41$31967$aBritish Library$bHMNTS$jLOU.2782 [1967]
=852  41$31968$aBritish Library$bHMNTS$jLOU.1875 [1968]
=852  41$31969$aBritish Library$bHMNTS$jLOU.1277 [1969]
=852  41$31970$aBritish Library$bHMNTS$jLOU.970 [1970]
=852  41$31971$aBritish Library$bHMNTS$jLOU.1990 [1971]
=852  41$31972$aBritish Library$bHMNTS$jLOU.1913 [1972]
=852  41$31973$aBritish Library$bHMNTS$jLOU.1450 [1973]
=852  41$31974$aBritish Library$bHMNTS$jLOU.618 [1974]
=852  41$31975$aBritish Library$bHMNTS$jLOU.587 [1975]
=852  41$31976$aBritish Library$bHMNTS$jLOU.2289A [1976]
=852  41$31977$aBritish Library$bHMNTS$jLOU.758 [1977]
=852  41$31978$aBritish Library$bHMNTS$jLOU.104 [1978]
=852  41$31979$aBritish Library$bHMNTS$jLOU.4122 [1979]
=852  41$31980$aBritish Library$bHMNTS$jLOU.4225 [1980]
=852  41$31981$aBritish Library$bHMNTS$jLOU.692 [1981]
=852  41$31982$aBritish Library$bHMNTS$jLOU.3633 [1982]
=852  41$31983$aBritish Library$bHMNTS$jLOU.2187 [1983]
=852  41$31984$aBritish Library$bHMNTS$jLOU.135 [1984]
=852  41$31985$aBritish Library$bHMNTS$jLOU.153 [1985]
=852  41$31986$aBritish Library$bHMNTS$jLOU.1350 [1986]
=852  41$31987$aBritish Library$bHMNTS$jLOU.1565 [1987]
=852  41$31988$aBritish Library$bHMNTS$jLOU.638 [1988]
=852  41$31989$aBritish Library$bHMNTS$jLOU.906 [1989]
=852  41$31990$aBritish Library$bHMNTS$jLOU.1248 [1990]
=852  41$31991$aBritish Library$bHMNTS$jLOU.456 [1991]
=852  41$31992$aBritish Library$bHMNTS$jLOU.459 [1992]
=852  41$31993$aBritish Library$bHMNTS$jLOU.216 [1993]
=852  41$31994$aBritish Library$bHMNTS$jLOU.1115 [1994]
=852  41$31995$aBritish Library$bHMNTS$jLOU.1651 [1995]
=852  41$31996$aBritish Library$bHMNTS$jLOU.1671 [1996]
=852  41$31997$aBritish Library$bHMNTS$jLOU.891 [1997]
=852  41$31998$aBritish Library$bHMNTS$jLOU.741 [1998]
=852  41$31999$aBritish Library$bHMNTS$jLOU.276 [1999]
=852  41$32001$aBritish Library$bHMNTS$jLOU.476 [2001]
=852  41$32002$aBritish Library$bHMNTS$jLOU.537 [2002]
=852  41$32003$aBritish Library$bHMNTS$jLOU.497 [2003]
=852  41$32004$aBritish Library$bHMNTS$jLOU.386 [2004]
=852  41$32005$aBritish Library$bHMNTS$jLOU.74 [2005]
=852  41$31997$aBritish Library$bHMNTS$3Volume 24, no.5 (Feb. 1930)-
=852  41$32008$aBritish Library$bHMNTS$jLOU.241 [2008]
=856  42$31930-1945$uhttp://www.britishnewspaperarchive.co.uk/search/results?TitleId=BL/0002220$yBritish Newspaper Archive
=945  \\$aINTERNATIONAL WOMENS NEWS.
=957  \\$a8710e
=959  \\$fHeld but not currently received
=963  \\$aVOL. 91(2), 1996- *A=1$bN$cU
=ACF  \\$aPrevious copyright fee: GBP5.00$c0$e01-oct-2002$fGBP5.00$g0$hC$5Uk
=ACF  \\$aPrevious copyright fee: GBP10.50$c0$e01-jan-2011$fGBP10.50$g0$hA$5Uk
=ACF  \\$aPrevious copyright fee: GBP12.00$c0$e01-jan-2012$fGBP12.00$g0$hA$5Uk
=ACF  \\$aPrevious Copyright Fee: GBP12.30$c0$e01-jan-2014$fGBP12.30$g0$hA$5Uk
=ACF  \\$aPrevious Copyright Fee: GBP15.00$c0$e01-jan-2017$fGBP15.00$g0$hA$5Uk
=ACF  \\$aPrevious Copyright Fee: GBP17.50$c0$e01-jan-2018$fGBP17.50$g0$hA$5Uk
=ACF  \\$aPrevious Copyright Fee: GBP20.00$c0$e01-jan-2020$fGBP20.00$g0$hA$5Uk
=CAT  \\$aBATCH-NPL$b00$c20070912$lBLL01$h1148
=CAT  \\$aBATCH-UPD$b50$c20220214$lBLL01$h1004
=CAT  \\$aBATCH-856$b50$c20220301$lBLL01$h1510
=CAT  \\$aBATCH-UPD$b50$c20220301$lBLL01$h1531
=CAT  \\$aRESET-LEV$b50$c20220302$lBLL01$h0056
=CAT  \\$aRESET-LEV$b50$c20220402$lBLL01$h1728
=CAT  \\$aRESET-LEV$b50$c20220502$lBLL01$h0243
=CAT  \\$aRESET-LEV$b50$c20220602$lBLL01$h2127
=CAT  \\$aRESET-LEV$b50$c20220702$lBLL01$h1730
=CAT  \\$aRESET-LEV$b50$c20220802$lBLL01$h0354
=CAT  \\$aRESET-LEV$b50$c20220902$lBLL01$h2223
=CAT  \\$aRESET-LEV$b50$c20221003$lBLL01$h0415
=CAT  \\$aRESET-LEV$b50$c20221102$lBLL01$h0234
=CAT  \\$aRESET-LEV$b50$c20221202$lBLL01$h2226
=CAT  \\$aBATCH-CLA$b00$c20221221$lBLL01$h1855
=CAT  \\$aRESET-LEV$b50$c20221221$lBLL01$h2132
=CAT  \\$aIPL-CLA$c20221231$lBLL01$h2145
=CAT  \\$aRESET-LEV$b50$c20230102$lBLL01$h0303
=CAT  \\$aRESET-LEV$b50$c20230202$lBLL01$h2128
=CAT  \\$aRESET-LEV$b50$c20230302$lBLL01$h2137
=CAT  \\$aRESET-LEV$b50$c20230403$lBLL01$h0242
=CAT  \\$aRESET-LEV$b50$c20230502$lBLL01$h0325
=CAT  \\$aRESET-LEV$b50$c20230602$lBLL01$h2228
=CAT  \\$aRESET-LEV$b50$c20230703$lBLL01$h0509
=CAT  \\$aRESET-LEV$b50$c20230802$lBLL01$h0211
=CAT  \\$aRESET-LEV$b50$c20230902$lBLL01$h1744
=CAT  \\$aRESET-LEV$b50$c20231002$lBLL01$h0447
=CFI  0\$aCurrent Copyright Fee: GBP25.00$c0$e01-jan-2023$fGBP25.00$g0$hA$5Uk
=CFI  2\$aPrevious Copyright Fee: GBP22.50$c0$e01-jan-2021$fGBP22.50$g0$hA$5Uk
=FIN  \\$aY
=FMT  \\$a  SE
=LAS  \\$aRESET-LEV$b50$c20231002$lBLL01$h0447
=LEO  \\$aMP10.0000299664
=LEO  \\$aMP22.0000001069
=LEO  \\$aMP13.0001178466
=LEO  \\$aMP35.0000100387.2
=LKR  \\$aPAR$b013921367$lBLL01$r78000$mInternational women's news$nThe International Woman Suffrage News.
=SRC  \\$aDSS01$bbibmp10.200404.2.aa
=SRC  \\$aISN01$bbibmp22.200404.2.aa
=SRC  \\$aHSS01$bbibmp13.200404.2.ab
=SRC  \\$aNPLv17$bbibmp35.20070831.aa
=TCO  \\$aCLA$bCLA$c008

