=LDR  28294cas a2205821u  4500
=001  013921400
=003  Uk
=005  20220301151026.0
=008  950421d18251880nik|||n|||\\\\0\\\||eng\\
=019  n\$aNLC0000500
=040  \\$aUk$cUk
=082  04$a072.91621$222
=130  4\$aThe L: Derry Journal, etc.
=245  14$aThe L: Derry Journal, etc.
=246  13$aLondonderry journal and Donegal and Tyrone advertiser
=336  \\$atext$2rdacontent
=337  \\$aunmediated$2rdamedia
=338  \\$avolume$2rdacarrier
=651  \0$aDerry (Northern Ireland)$vNewspapers.
=651  \0$aLondonderry (Northern Ireland : County)$vNewspapers.
=752  \\$aIreland$bCo. Londonderry$dLondonderry.$2blnpn
=785  00$tDerry Journal$g22 March 1880-
=852  41$31857$aBritish Library$bNPL$cIRL$j19 [1857]
=852  41$31858$aBritish Library$bNPL$cIRL$j38A [1858]
=852  41$31859$aBritish Library$bNPL$cIRL$j39A [1859]
=852  41$31864$aBritish Library$bNPL$cIRL$j5 [1864]
=852  41$31865$aBritish Library$bNPL$cIRL$j33 [1865]
=852  41$31866$aBritish Library$bNPL$cIRL$j56 [1866]
=852  41$31867$aBritish Library$bNPL$cIRL$j38 [1867]
=852  41$31868$aBritish Library$bNPL$cIRL$j43 [1868]
=852  41$31869$aBritish Library$bNPL$cIRL$j29 [1869]
=852  41$31870$aBritish Library$bNPL$cIRL$j44 [1870]
=852  41$31871$aBritish Library$bNPL$cIRL$j55 [1871]
=852  41$31872$aBritish Library$bNPL$cIRL$j35 [1872]
=852  41$31873$aBritish Library$bNPL$cIRL$j47 [1873]
=852  41$31874$aBritish Library$bNPL$cIRL$j39 [1874]
=852  41$31875$aBritish Library$bNPL$cIRL$j32 [1875]
=852  41$31876$aBritish Library$bNPL$cIRL$j70 [1876]
=852  41$31877$aBritish Library$bNPL$cIRL$j55 [1877]
=852  41$31879$aBritish Library$bNPL$cIRL$j66 [1879]
=852  41$31880$aBritish Library$bNPL$cIRL$j46 [1880]
=852  41$31882$aBritish Library$bNPL$cIRL$j36A [1882]
=852  41$31883$aBritish Library$bNPL$cIRL$j49A [1883]
=852  41$31884$aBritish Library$bNPL$cIRL$j15 [1884]
=852  41$31886$aBritish Library$bNPL$cIRL$j41 [1886]
=852  41$31887$aBritish Library$bNPL$cIRL$j5 [1887]
=852  41$31888$aBritish Library$bNPL$cIRL$j56 [1888]
=852  41$31857$aBritish Library$bNPL$cIRL$j19 [1857]
=852  41$31858$aBritish Library$bNPL$cIRL$j38A [1858]
=852  41$31859$aBritish Library$bNPL$cIRL$j39A [1859]
=852  41$31864$aBritish Library$bNPL$cIRL$j5 [1864]
=852  41$31865$aBritish Library$bNPL$cIRL$j33 [1865]
=852  41$31866$aBritish Library$bNPL$cIRL$j56 [1866]
=852  41$31867$aBritish Library$bNPL$cIRL$j38 [1867]
=852  41$31868$aBritish Library$bNPL$cIRL$j43 [1868]
=852  41$31869$aBritish Library$bNPL$cIRL$j29 [1869]
=852  41$31870$aBritish Library$bNPL$cIRL$j44 [1870]
=852  41$31871$aBritish Library$bNPL$cIRL$j55 [1871]
=852  41$31872$aBritish Library$bNPL$cIRL$j35 [1872]
=852  41$31873$aBritish Library$bNPL$cIRL$j47 [1873]
=852  41$31874$aBritish Library$bNPL$cIRL$j39 [1874]
=852  41$31875$aBritish Library$bNPL$cIRL$j32 [1875]
=852  41$31876$aBritish Library$bNPL$cIRL$j70 [1876]
=852  41$31877$aBritish Library$bNPL$cIRL$j55 [1877]
=852  41$31879$aBritish Library$bNPL$cIRL$j66 [1879]
=852  41$31880$aBritish Library$bNPL$cIRL$j46 [1880]
=852  41$31882$aBritish Library$bNPL$cIRL$j36A [1882]
=852  41$31883$aBritish Library$bNPL$cIRL$j49A [1883]
=852  41$31884$aBritish Library$bNPL$cIRL$j15 [1884]
=852  41$31886$aBritish Library$bNPL$cIRL$j41 [1886]
=852  41$31887$aBritish Library$bNPL$cIRL$j5 [1887]
=852  41$31888$aBritish Library$bNPL$cIRL$j56 [1888]
=852  41$31857$aBritish Library$bNPL$cIRL$j19 [1857]
=852  41$31858$aBritish Library$bNPL$cIRL$j38A [1858]
=852  41$31859$aBritish Library$bNPL$cIRL$j39A [1859]
=852  41$31864$aBritish Library$bNPL$cIRL$j5 [1864]
=852  41$31865$aBritish Library$bNPL$cIRL$j33 [1865]
=852  41$31866$aBritish Library$bNPL$cIRL$j56 [1866]
=852  41$31867$aBritish Library$bNPL$cIRL$j38 [1867]
=852  41$31868$aBritish Library$bNPL$cIRL$j43 [1868]
=852  41$31869$aBritish Library$bNPL$cIRL$j29 [1869]
=852  41$31870$aBritish Library$bNPL$cIRL$j44 [1870]
=852  41$31871$aBritish Library$bNPL$cIRL$j55 [1871]
=852  41$31872$aBritish Library$bNPL$cIRL$j35 [1872]
=852  41$31873$aBritish Library$bNPL$cIRL$j47 [1873]
=852  41$31874$aBritish Library$bNPL$cIRL$j39 [1874]
=852  41$31875$aBritish Library$bNPL$cIRL$j32 [1875]
=852  41$31876$aBritish Library$bNPL$cIRL$j70 [1876]
=852  41$31877$aBritish Library$bNPL$cIRL$j55 [1877]
=852  41$31879$aBritish Library$bNPL$cIRL$j66 [1879]
=852  41$31880$aBritish Library$bNPL$cIRL$j46 [1880]
=852  41$31882$aBritish Library$bNPL$cIRL$j36A [1882]
=852  41$31883$aBritish Library$bNPL$cIRL$j49A [1883]
=852  41$31884$aBritish Library$bNPL$cIRL$j15 [1884]
=852  41$31886$aBritish Library$bNPL$cIRL$j41 [1886]
=852  41$31887$aBritish Library$bNPL$cIRL$j5 [1887]
=852  41$31888$aBritish Library$bNPL$cIRL$j56 [1888]
=852  41$31857$aBritish Library$bNPL$cIRL$j19 [1857]
=852  41$31858$aBritish Library$bNPL$cIRL$j38A [1858]
=852  41$31859$aBritish Library$bNPL$cIRL$j39A [1859]
=852  41$31864$aBritish Library$bNPL$cIRL$j5 [1864]
=852  41$31865$aBritish Library$bNPL$cIRL$j33 [1865]
=852  41$31866$aBritish Library$bNPL$cIRL$j56 [1866]
=852  41$31867$aBritish Library$bNPL$cIRL$j38 [1867]
=852  41$31868$aBritish Library$bNPL$cIRL$j43 [1868]
=852  41$31869$aBritish Library$bNPL$cIRL$j29 [1869]
=852  41$31870$aBritish Library$bNPL$cIRL$j44 [1870]
=852  41$31871$aBritish Library$bNPL$cIRL$j55 [1871]
=852  41$31872$aBritish Library$bNPL$cIRL$j35 [1872]
=852  41$31873$aBritish Library$bNPL$cIRL$j47 [1873]
=852  41$31874$aBritish Library$bNPL$cIRL$j39 [1874]
=852  41$31875$aBritish Library$bNPL$cIRL$j32 [1875]
=852  41$31876$aBritish Library$bNPL$cIRL$j70 [1876]
=852  41$31877$aBritish Library$bNPL$cIRL$j55 [1877]
=852  41$31879$aBritish Library$bNPL$cIRL$j66 [1879]
=852  41$31880$aBritish Library$bNPL$cIRL$j46 [1880]
=852  41$31882$aBritish Library$bNPL$cIRL$j36A [1882]
=852  41$31883$aBritish Library$bNPL$cIRL$j49A [1883]
=852  41$31884$aBritish Library$bNPL$cIRL$j15 [1884]
=852  41$31886$aBritish Library$bNPL$cIRL$j41 [1886]
=852  41$31887$aBritish Library$bNPL$cIRL$j5 [1887]
=852  41$31888$aBritish Library$bNPL$cIRL$j56 [1888]
=852  41$aBritish Library$bNPL
=852  41$31883$aBritish Library$bNPL$cIRL$j72 [1883]
=852  41$31885$aBritish Library$bNPL$cIRL$j87 [1885]
=852  41$31932$aBritish Library$bNPL$cIRL$j45-46 [1932]
=852  41$31931$aBritish Library$bNPL$cIRL$j130-131 [1931]
=852  41$31893$aBritish Library$bNPL$cIRL$j37 [1893]
=852  41$31922$aBritish Library$bNPL$cIRL$j109A [1922]
=852  41$31896$aBritish Library$bNPL$cIRL$j56 [1896]
=852  41$31895; Unfit for use$aBritish Library$bNPL$cIRL$j119 [1895]
=852  41$31894$aBritish Library$bNPL$cIRL$j7 [1894]
=852  41$31891$aBritish Library$bNPL$cIRL$j21 [1891]
=852  41$31884$aBritish Library$bNPL$cIRL$j80 [1884]
=852  41$31886$aBritish Library$bNPL$cIRL$j60 [1886]
=852  41$31885$aBritish Library$bNPL$cIRL$j88 [1885]
=852  41$31884$aBritish Library$bNPL$cIRL$j79 [1884]
=852  41$31889$aBritish Library$bNPL$cIRL$j20 [1889]
=852  41$31887$aBritish Library$bNPL$cIRL$j60 [1887]
=852  41$31889$aBritish Library$bNPL$cIRL$j19 [1889]
=852  41$31892$aBritish Library$bNPL$cIRL$j73 [1892]
=852  41$31888$aBritish Library$bNPL$cIRL$j75 [1888]
=852  41$31890$aBritish Library$bNPL$cIRL$j56 [1890]
=852  41$31881$aBritish Library$bNPL$cIRL$j78 [1881]
=852  41$31882$aBritish Library$bNPL$cIRL$j55 [1882]
=852  41$31857$aBritish Library$bNPL$cIRL$j19 [1857]
=852  41$31858$aBritish Library$bNPL$cIRL$j38A [1858]
=852  41$31859$aBritish Library$bNPL$cIRL$j39A [1859]
=852  41$31864$aBritish Library$bNPL$cIRL$j5 [1864]
=852  41$31865$aBritish Library$bNPL$cIRL$j33 [1865]
=852  41$31866$aBritish Library$bNPL$cIRL$j56 [1866]
=852  41$31867$aBritish Library$bNPL$cIRL$j38 [1867]
=852  41$31868$aBritish Library$bNPL$cIRL$j43 [1868]
=852  41$31869$aBritish Library$bNPL$cIRL$j29 [1869]
=852  41$31870$aBritish Library$bNPL$cIRL$j44 [1870]
=852  41$31871$aBritish Library$bNPL$cIRL$j55 [1871]
=852  41$31872$aBritish Library$bNPL$cIRL$j35 [1872]
=852  41$31873$aBritish Library$bNPL$cIRL$j47 [1873]
=852  41$31874$aBritish Library$bNPL$cIRL$j39 [1874]
=852  41$31875$aBritish Library$bNPL$cIRL$j32 [1875]
=852  41$31876$aBritish Library$bNPL$cIRL$j70 [1876]
=852  41$31877$aBritish Library$bNPL$cIRL$j55 [1877]
=852  41$31879$aBritish Library$bNPL$cIRL$j66 [1879]
=852  41$31880$aBritish Library$bNPL$cIRL$j46 [1880]
=852  41$31882$aBritish Library$bNPL$cIRL$j36A [1882]
=852  41$31883$aBritish Library$bNPL$cIRL$j49A [1883]
=852  41$31884$aBritish Library$bNPL$cIRL$j15 [1884]
=852  41$31886$aBritish Library$bNPL$cIRL$j41 [1886]
=852  41$31887$aBritish Library$bNPL$cIRL$j5 [1887]
=852  41$31888$aBritish Library$bNPL$cIRL$j56 [1888]
=852  41$31857$aBritish Library$bNPL$cIRL$j19 [1857]
=852  41$31858$aBritish Library$bNPL$cIRL$j38A [1858]
=852  41$31859$aBritish Library$bNPL$cIRL$j39A [1859]
=852  41$31864$aBritish Library$bNPL$cIRL$j5 [1864]
=852  41$31865$aBritish Library$bNPL$cIRL$j33 [1865]
=852  41$31866$aBritish Library$bNPL$cIRL$j56 [1866]
=852  41$31867$aBritish Library$bNPL$cIRL$j38 [1867]
=852  41$31868$aBritish Library$bNPL$cIRL$j43 [1868]
=852  41$31869$aBritish Library$bNPL$cIRL$j29 [1869]
=852  41$31870$aBritish Library$bNPL$cIRL$j44 [1870]
=852  41$31871$aBritish Library$bNPL$cIRL$j55 [1871]
=852  41$31872$aBritish Library$bNPL$cIRL$j35 [1872]
=852  41$31873$aBritish Library$bNPL$cIRL$j47 [1873]
=852  41$31874$aBritish Library$bNPL$cIRL$j39 [1874]
=852  41$31875$aBritish Library$bNPL$cIRL$j32 [1875]
=852  41$31876$aBritish Library$bNPL$cIRL$j70 [1876]
=852  41$31877$aBritish Library$bNPL$cIRL$j55 [1877]
=852  41$31879$aBritish Library$bNPL$cIRL$j66 [1879]
=852  41$31880$aBritish Library$bNPL$cIRL$j46 [1880]
=852  41$31882$aBritish Library$bNPL$cIRL$j36A [1882]
=852  41$31883$aBritish Library$bNPL$cIRL$j49A [1883]
=852  41$31884$aBritish Library$bNPL$cIRL$j15 [1884]
=852  41$31886$aBritish Library$bNPL$cIRL$j41 [1886]
=852  41$31887$aBritish Library$bNPL$cIRL$j5 [1887]
=852  41$31888$aBritish Library$bNPL$cIRL$j56 [1888]
=852  41$31857$aBritish Library$bNPL$cIRL$j19 [1857]
=852  41$31858$aBritish Library$bNPL$cIRL$j38A [1858]
=852  41$31859$aBritish Library$bNPL$cIRL$j39A [1859]
=852  41$31864$aBritish Library$bNPL$cIRL$j5 [1864]
=852  41$31865$aBritish Library$bNPL$cIRL$j33 [1865]
=852  41$31866$aBritish Library$bNPL$cIRL$j56 [1866]
=852  41$31867$aBritish Library$bNPL$cIRL$j38 [1867]
=852  41$31868$aBritish Library$bNPL$cIRL$j43 [1868]
=852  41$31869$aBritish Library$bNPL$cIRL$j29 [1869]
=852  41$31870$aBritish Library$bNPL$cIRL$j44 [1870]
=852  41$31871$aBritish Library$bNPL$cIRL$j55 [1871]
=852  41$31872$aBritish Library$bNPL$cIRL$j35 [1872]
=852  41$31873$aBritish Library$bNPL$cIRL$j47 [1873]
=852  41$31874$aBritish Library$bNPL$cIRL$j39 [1874]
=852  41$31875$aBritish Library$bNPL$cIRL$j32 [1875]
=852  41$31876$aBritish Library$bNPL$cIRL$j70 [1876]
=852  41$31877$aBritish Library$bNPL$cIRL$j55 [1877]
=852  41$31879$aBritish Library$bNPL$cIRL$j66 [1879]
=852  41$31880$aBritish Library$bNPL$cIRL$j46 [1880]
=852  41$31882$aBritish Library$bNPL$cIRL$j36A [1882]
=852  41$31883$aBritish Library$bNPL$cIRL$j49A [1883]
=852  41$31884$aBritish Library$bNPL$cIRL$j15 [1884]
=852  41$31886$aBritish Library$bNPL$cIRL$j41 [1886]
=852  41$31887$aBritish Library$bNPL$cIRL$j5 [1887]
=852  41$31888$aBritish Library$bNPL$cIRL$j56 [1888]
=852  41$31857$aBritish Library$bNPL$cIRL$j19 [1857]
=852  41$31858$aBritish Library$bNPL$cIRL$j38A [1858]
=852  41$31859$aBritish Library$bNPL$cIRL$j39A [1859]
=852  41$31864$aBritish Library$bNPL$cIRL$j5 [1864]
=852  41$31865$aBritish Library$bNPL$cIRL$j33 [1865]
=852  41$31866$aBritish Library$bNPL$cIRL$j56 [1866]
=852  41$31867$aBritish Library$bNPL$cIRL$j38 [1867]
=852  41$31868$aBritish Library$bNPL$cIRL$j43 [1868]
=852  41$31869$aBritish Library$bNPL$cIRL$j29 [1869]
=852  41$31870$aBritish Library$bNPL$cIRL$j44 [1870]
=852  41$31871$aBritish Library$bNPL$cIRL$j55 [1871]
=852  41$31872$aBritish Library$bNPL$cIRL$j35 [1872]
=852  41$31873$aBritish Library$bNPL$cIRL$j47 [1873]
=852  41$31874$aBritish Library$bNPL$cIRL$j39 [1874]
=852  41$31875$aBritish Library$bNPL$cIRL$j32 [1875]
=852  41$31876$aBritish Library$bNPL$cIRL$j70 [1876]
=852  41$31877$aBritish Library$bNPL$cIRL$j55 [1877]
=852  41$31879$aBritish Library$bNPL$cIRL$j66 [1879]
=852  41$31880$aBritish Library$bNPL$cIRL$j46 [1880]
=852  41$31882$aBritish Library$bNPL$cIRL$j36A [1882]
=852  41$31883$aBritish Library$bNPL$cIRL$j49A [1883]
=852  41$31884$aBritish Library$bNPL$cIRL$j15 [1884]
=852  41$31886$aBritish Library$bNPL$cIRL$j41 [1886]
=852  41$31887$aBritish Library$bNPL$cIRL$j5 [1887]
=852  41$31888$aBritish Library$bNPL$cIRL$j56 [1888]
=852  41$31857$aBritish Library$bNPL$cIRL$j19 [1857]
=852  41$31858$aBritish Library$bNPL$cIRL$j38A [1858]
=852  41$31859$aBritish Library$bNPL$cIRL$j39A [1859]
=852  41$31864$aBritish Library$bNPL$cIRL$j5 [1864]
=852  41$31865$aBritish Library$bNPL$cIRL$j33 [1865]
=852  41$31866$aBritish Library$bNPL$cIRL$j56 [1866]
=852  41$31867$aBritish Library$bNPL$cIRL$j38 [1867]
=852  41$31868$aBritish Library$bNPL$cIRL$j43 [1868]
=852  41$31869$aBritish Library$bNPL$cIRL$j29 [1869]
=852  41$31870$aBritish Library$bNPL$cIRL$j44 [1870]
=852  41$31871$aBritish Library$bNPL$cIRL$j55 [1871]
=852  41$31872$aBritish Library$bNPL$cIRL$j35 [1872]
=852  41$31873$aBritish Library$bNPL$cIRL$j47 [1873]
=852  41$31874$aBritish Library$bNPL$cIRL$j39 [1874]
=852  41$31875$aBritish Library$bNPL$cIRL$j32 [1875]
=852  41$31876$aBritish Library$bNPL$cIRL$j70 [1876]
=852  41$31877$aBritish Library$bNPL$cIRL$j55 [1877]
=852  41$31879$aBritish Library$bNPL$cIRL$j66 [1879]
=852  41$31880$aBritish Library$bNPL$cIRL$j46 [1880]
=852  41$31882$aBritish Library$bNPL$cIRL$j36A [1882]
=852  41$31883$aBritish Library$bNPL$cIRL$j49A [1883]
=852  41$31884$aBritish Library$bNPL$cIRL$j15 [1884]
=852  41$31886$aBritish Library$bNPL$cIRL$j41 [1886]
=852  41$31887$aBritish Library$bNPL$cIRL$j5 [1887]
=852  41$31888$aBritish Library$bNPL$cIRL$j56 [1888]
=852  41$31857$aBritish Library$bNPL$cIRL$j19 [1857]
=852  41$31858$aBritish Library$bNPL$cIRL$j38A [1858]
=852  41$31859$aBritish Library$bNPL$cIRL$j39A [1859]
=852  41$31864$aBritish Library$bNPL$cIRL$j5 [1864]
=852  41$31865$aBritish Library$bNPL$cIRL$j33 [1865]
=852  41$31866$aBritish Library$bNPL$cIRL$j56 [1866]
=852  41$31867$aBritish Library$bNPL$cIRL$j38 [1867]
=852  41$31868$aBritish Library$bNPL$cIRL$j43 [1868]
=852  41$31869$aBritish Library$bNPL$cIRL$j29 [1869]
=852  41$31870$aBritish Library$bNPL$cIRL$j44 [1870]
=852  41$31871$aBritish Library$bNPL$cIRL$j55 [1871]
=852  41$31872$aBritish Library$bNPL$cIRL$j35 [1872]
=852  41$31873$aBritish Library$bNPL$cIRL$j47 [1873]
=852  41$31874$aBritish Library$bNPL$cIRL$j39 [1874]
=852  41$31875$aBritish Library$bNPL$cIRL$j32 [1875]
=852  41$31876$aBritish Library$bNPL$cIRL$j70 [1876]
=852  41$31877$aBritish Library$bNPL$cIRL$j55 [1877]
=852  41$31879$aBritish Library$bNPL$cIRL$j66 [1879]
=852  41$31880$aBritish Library$bNPL$cIRL$j46 [1880]
=852  41$31882$aBritish Library$bNPL$cIRL$j36A [1882]
=852  41$31883$aBritish Library$bNPL$cIRL$j49A [1883]
=852  41$31884$aBritish Library$bNPL$cIRL$j15 [1884]
=852  41$31886$aBritish Library$bNPL$cIRL$j41 [1886]
=852  41$31887$aBritish Library$bNPL$cIRL$j5 [1887]
=852  41$31888$aBritish Library$bNPL$cIRL$j56 [1888]
=852  41$31857$aBritish Library$bNPL$cIRL$j19 [1857]
=852  41$31858$aBritish Library$bNPL$cIRL$j38A [1858]
=852  41$31859$aBritish Library$bNPL$cIRL$j39A [1859]
=852  41$31864$aBritish Library$bNPL$cIRL$j5 [1864]
=852  41$31865$aBritish Library$bNPL$cIRL$j33 [1865]
=852  41$31866$aBritish Library$bNPL$cIRL$j56 [1866]
=852  41$31867$aBritish Library$bNPL$cIRL$j38 [1867]
=852  41$31868$aBritish Library$bNPL$cIRL$j43 [1868]
=852  41$31869$aBritish Library$bNPL$cIRL$j29 [1869]
=852  41$31870$aBritish Library$bNPL$cIRL$j44 [1870]
=852  41$31871$aBritish Library$bNPL$cIRL$j55 [1871]
=852  41$31872$aBritish Library$bNPL$cIRL$j35 [1872]
=852  41$31873$aBritish Library$bNPL$cIRL$j47 [1873]
=852  41$31874$aBritish Library$bNPL$cIRL$j39 [1874]
=852  41$31875$aBritish Library$bNPL$cIRL$j32 [1875]
=852  41$31876$aBritish Library$bNPL$cIRL$j70 [1876]
=852  41$31877$aBritish Library$bNPL$cIRL$j55 [1877]
=852  41$31879$aBritish Library$bNPL$cIRL$j66 [1879]
=852  41$31880$aBritish Library$bNPL$cIRL$j46 [1880]
=852  41$31882$aBritish Library$bNPL$cIRL$j36A [1882]
=852  41$31883$aBritish Library$bNPL$cIRL$j49A [1883]
=852  41$31884$aBritish Library$bNPL$cIRL$j15 [1884]
=852  41$31886$aBritish Library$bNPL$cIRL$j41 [1886]
=852  41$31887$aBritish Library$bNPL$cIRL$j5 [1887]
=852  41$31888$aBritish Library$bNPL$cIRL$j56 [1888]
=852  41$31857$aBritish Library$bNPL$cIRL$j19 [1857]
=852  41$31858$aBritish Library$bNPL$cIRL$j38A [1858]
=852  41$31859$aBritish Library$bNPL$cIRL$j39A [1859]
=852  41$31864$aBritish Library$bNPL$cIRL$j5 [1864]
=852  41$31865$aBritish Library$bNPL$cIRL$j33 [1865]
=852  41$31866$aBritish Library$bNPL$cIRL$j56 [1866]
=852  41$31867$aBritish Library$bNPL$cIRL$j38 [1867]
=852  41$31868$aBritish Library$bNPL$cIRL$j43 [1868]
=852  41$31869$aBritish Library$bNPL$cIRL$j29 [1869]
=852  41$31870$aBritish Library$bNPL$cIRL$j44 [1870]
=852  41$31871$aBritish Library$bNPL$cIRL$j55 [1871]
=852  41$31872$aBritish Library$bNPL$cIRL$j35 [1872]
=852  41$31873$aBritish Library$bNPL$cIRL$j47 [1873]
=852  41$31874$aBritish Library$bNPL$cIRL$j39 [1874]
=852  41$31875$aBritish Library$bNPL$cIRL$j32 [1875]
=852  41$31876$aBritish Library$bNPL$cIRL$j70 [1876]
=852  41$31877$aBritish Library$bNPL$cIRL$j55 [1877]
=852  41$31879$aBritish Library$bNPL$cIRL$j66 [1879]
=852  41$31880$aBritish Library$bNPL$cIRL$j46 [1880]
=852  41$31882$aBritish Library$bNPL$cIRL$j36A [1882]
=852  41$31883$aBritish Library$bNPL$cIRL$j49A [1883]
=852  41$31884$aBritish Library$bNPL$cIRL$j15 [1884]
=852  41$31886$aBritish Library$bNPL$cIRL$j41 [1886]
=852  41$31887$aBritish Library$bNPL$cIRL$j5 [1887]
=852  41$31888$aBritish Library$bNPL$cIRL$j56 [1888]
=852  41$31857$aBritish Library$bNPL$cIRL$j19 [1857]
=852  41$31858$aBritish Library$bNPL$cIRL$j38A [1858]
=852  41$31859$aBritish Library$bNPL$cIRL$j39A [1859]
=852  41$31864$aBritish Library$bNPL$cIRL$j5 [1864]
=852  41$31865$aBritish Library$bNPL$cIRL$j33 [1865]
=852  41$31866$aBritish Library$bNPL$cIRL$j56 [1866]
=852  41$31867$aBritish Library$bNPL$cIRL$j38 [1867]
=852  41$31868$aBritish Library$bNPL$cIRL$j43 [1868]
=852  41$31869$aBritish Library$bNPL$cIRL$j29 [1869]
=852  41$31870$aBritish Library$bNPL$cIRL$j44 [1870]
=852  41$31871$aBritish Library$bNPL$cIRL$j55 [1871]
=852  41$31872$aBritish Library$bNPL$cIRL$j35 [1872]
=852  41$31873$aBritish Library$bNPL$cIRL$j47 [1873]
=852  41$31874$aBritish Library$bNPL$cIRL$j39 [1874]
=852  41$31875$aBritish Library$bNPL$cIRL$j32 [1875]
=852  41$31876$aBritish Library$bNPL$cIRL$j70 [1876]
=852  41$31877$aBritish Library$bNPL$cIRL$j55 [1877]
=852  41$31879$aBritish Library$bNPL$cIRL$j66 [1879]
=852  41$31880$aBritish Library$bNPL$cIRL$j46 [1880]
=852  41$31882$aBritish Library$bNPL$cIRL$j36A [1882]
=852  41$31883$aBritish Library$bNPL$cIRL$j49A [1883]
=852  41$31884$aBritish Library$bNPL$cIRL$j15 [1884]
=852  41$31886$aBritish Library$bNPL$cIRL$j41 [1886]
=852  41$31887$aBritish Library$bNPL$cIRL$j5 [1887]
=852  41$31888$aBritish Library$bNPL$cIRL$j56 [1888]
=852  41$31895$aBritish Library$bNPL$cIRL$j109-111 [1895]
=852  41$31896$aBritish Library$bNPL$cIRL$j82-84 [1896]
=852  41$31861$aBritish Library$bNPL$cIRL$j30 [1861]
=852  41$31862$aBritish Library$bNPL$cIRL$j33 [1862]
=852  41$31863$aBritish Library$bNPL$cIRL$j56 [1863]
=852  41$31864$aBritish Library$bNPL$cIRL$j55 [1864]
=852  41$31865$aBritish Library$bNPL$cIRL$j59 [1865]
=852  41$31866$aBritish Library$bNPL$cIRL$j41 [1866]
=852  41$31867$aBritish Library$bNPL$cIRL$j51 [1867]
=852  41$31868$aBritish Library$bNPL$cIRL$j16 [1868]
=852  41$31869$aBritish Library$bNPL$cIRL$j58 [1869]
=852  41$31870$aBritish Library$bNPL$cIRL$j1 [1870]
=852  41$31871$aBritish Library$bNPL$cIRL$j40A [1871]
=852  41$31871$aBritish Library$bNPL$cIRL$j40 [1871]
=852  41$31872$aBritish Library$bNPL$cIRL$j7 [1872]
=852  41$31872$aBritish Library$bNPL$cIRL$j6A [1872]
=852  41$31873$aBritish Library$bNPL$cIRL$j27 [1873]
=852  41$31874$aBritish Library$bNPL$cIRL$j27 [1874]
=852  41$31875$aBritish Library$bNPL$cIRL$j38 [1875]
=852  41$31876$aBritish Library$bNPL$cIRL$j27A [1876]
=852  41$31876$aBritish Library$bNPL$cIRL$j27 [1876]
=852  41$31877$aBritish Library$bNPL$cIRL$j34 [1877]
=852  41$31878$aBritish Library$bNPL$cIRL$j47 [1878]
=852  41$31878$aBritish Library$bNPL$cIRL$j46 [1878]
=852  41$31879$aBritish Library$bNPL$cIRL$j22 [1879]
=852  41$31879$aBritish Library$bNPL$cIRL$j21 [1879]
=852  41$31880$aBritish Library$bNPL$cIRL$j48 [1880]
=852  41$31880$aBritish Library$bNPL$cIRL$j47 [1880]
=852  41$31881$aBritish Library$bNPL$cIRL$j4 [1881]
=852  41$31881$aBritish Library$bNPL$cIRL$j3 [1881]
=852  41$31882$aBritish Library$bNPL$cIRL$j42 [1882]
=852  41$31882$aBritish Library$bNPL$cIRL$j41 [1882]
=852  41$31883$aBritish Library$bNPL$cIRL$j54 [1883]
=852  41$31883$aBritish Library$bNPL$cIRL$j53 [1883]
=852  41$31884$aBritish Library$bNPL$cIRL$j17 [1884]
=852  41$31884$aBritish Library$bNPL$cIRL$j16 [1884]
=852  41$31893$aBritish Library$bNPL$cIRL$j100-102 [1893]
=852  41$31894$aBritish Library$bNPL$cIRL$j45-47 [1894]
=852  41$31895$aBritish Library$bNPL$cIRL$j109-111 [1895]
=852  41$31896$aBritish Library$bNPL$cIRL$j82-84 [1896]
=852  41$31861$aBritish Library$bNPL$cIRL$j30 [1861]
=852  41$31862$aBritish Library$bNPL$cIRL$j33 [1862]
=852  41$31863$aBritish Library$bNPL$cIRL$j56 [1863]
=852  41$31864$aBritish Library$bNPL$cIRL$j55 [1864]
=852  41$31865$aBritish Library$bNPL$cIRL$j59 [1865]
=852  41$31866$aBritish Library$bNPL$cIRL$j41 [1866]
=852  41$31867$aBritish Library$bNPL$cIRL$j51 [1867]
=852  41$31868$aBritish Library$bNPL$cIRL$j16 [1868]
=852  41$31869$aBritish Library$bNPL$cIRL$j58 [1869]
=852  41$31870$aBritish Library$bNPL$cIRL$j1 [1870]
=852  41$31871$aBritish Library$bNPL$cIRL$j40A [1871]
=852  41$31871$aBritish Library$bNPL$cIRL$j40 [1871]
=852  41$31872$aBritish Library$bNPL$cIRL$j7 [1872]
=852  41$31872$aBritish Library$bNPL$cIRL$j6A [1872]
=852  41$31873$aBritish Library$bNPL$cIRL$j27 [1873]
=852  41$31874$aBritish Library$bNPL$cIRL$j27 [1874]
=852  41$31875$aBritish Library$bNPL$cIRL$j38 [1875]
=852  41$31876$aBritish Library$bNPL$cIRL$j27A [1876]
=852  41$31876$aBritish Library$bNPL$cIRL$j27 [1876]
=852  41$31877$aBritish Library$bNPL$cIRL$j34 [1877]
=852  41$31878$aBritish Library$bNPL$cIRL$j47 [1878]
=852  41$31878$aBritish Library$bNPL$cIRL$j46 [1878]
=852  41$31879$aBritish Library$bNPL$cIRL$j22 [1879]
=852  41$31879$aBritish Library$bNPL$cIRL$j21 [1879]
=852  41$31880$aBritish Library$bNPL$cIRL$j48 [1880]
=852  41$31880$aBritish Library$bNPL$cIRL$j47 [1880]
=852  41$31881$aBritish Library$bNPL$cIRL$j4 [1881]
=852  41$31881$aBritish Library$bNPL$cIRL$j3 [1881]
=852  41$31882$aBritish Library$bNPL$cIRL$j42 [1882]
=852  41$31882$aBritish Library$bNPL$cIRL$j41 [1882]
=852  41$31883$aBritish Library$bNPL$cIRL$j54 [1883]
=852  41$31883$aBritish Library$bNPL$cIRL$j53 [1883]
=852  41$31884$aBritish Library$bNPL$cIRL$j17 [1884]
=852  41$31884$aBritish Library$bNPL$cIRL$j16 [1884]
=852  41$31893$aBritish Library$bNPL$cIRL$j100-102 [1893]
=852  41$31894$aBritish Library$bNPL$cIRL$j45-47 [1894]
=852  41$aBritish Library$bNPL$jNEWS shelfmarks - see explore.bl.uk for full holdings
=852  41$aBritish Library$bHMNTS$zMicroform.$jMFM shelfmarks - see explore.bl.uk for full holdings
=856  42$31825, 1835-1880$uhttp://www.britishnewspaperarchive.co.uk/search/results?TitleId=BL/0001115$yBritish Newspaper Archive
=866  \0$aNewspapers :no.3814, etc. (15 Feb.1825; 6 Jan. 1835-10 July 1869; 22, 29 Jan. 1870-19 March 1880)
=883  0\$aLanguage codes assigned by Bayesian analysis of words present in record$d20200826$qUk$c0.9919
=985  \\$aDisaggregated Record: NPL
=985  \\$aUpgraded by BSS-generated file for WR2009-0365
=CAT  \\$aBATCH-NPL$b00$c20070912$lBLL01$h1148
=CAT  \\$aBATCH-856$b50$c20220207$lBLL01$h0756
=CAT  \\$aBATCH-UPD$b50$c20220207$lBLL01$h0821
=CAT  \\$aBATCH-856$b50$c20220214$lBLL01$h0937
=CAT  \\$aBATCH-UPD$b50$c20220214$lBLL01$h1004
=CAT  \\$aBATCH-856$b50$c20220301$lBLL01$h1510
=CAT  \\$aBATCH-UPD$b50$c20220301$lBLL01$h1531
=CAT  \\$aRESET-LEV$b50$c20220302$lBLL01$h0056
=CAT  \\$aRESET-LEV$b50$c20220402$lBLL01$h1728
=CAT  \\$aRESET-LEV$b50$c20220502$lBLL01$h0243
=CAT  \\$aRESET-LEV$b50$c20220602$lBLL01$h2127
=CAT  \\$aRESET-LEV$b50$c20220702$lBLL01$h1730
=CAT  \\$aRESET-LEV$b50$c20220802$lBLL01$h0354
=CAT  \\$aRESET-LEV$b50$c20220902$lBLL01$h2223
=CAT  \\$aRESET-LEV$b50$c20221003$lBLL01$h0415
=CAT  \\$aRESET-LEV$b50$c20221102$lBLL01$h0234
=CAT  \\$aRESET-LEV$b50$c20221202$lBLL01$h2226
=CAT  \\$aRESET-LEV$b50$c20230102$lBLL01$h0303
=CAT  \\$aRESET-LEV$b50$c20230202$lBLL01$h2128
=CAT  \\$aRESET-LEV$b50$c20230302$lBLL01$h2137
=CAT  \\$aRESET-LEV$b50$c20230403$lBLL01$h0242
=CAT  \\$aRESET-LEV$b50$c20230502$lBLL01$h0325
=CAT  \\$aRESET-LEV$b50$c20230602$lBLL01$h2228
=CAT  \\$aRESET-LEV$b50$c20230703$lBLL01$h0509
=CAT  \\$aRESET-LEV$b50$c20230802$lBLL01$h0211
=CAT  \\$aRESET-LEV$b50$c20230902$lBLL01$h1744
=CAT  \\$aRESET-LEV$b50$c20231002$lBLL01$h0447
=FIN  \\$aY
=FMT  \\$a  SE
=LAS  \\$aRESET-LEV$b50$c20231002$lBLL01$h0447
=LEO  \\$aMP35.0000100486
=LKR  \\$aPAR$lBLL01$r78500$nDerry Journal -22 March 1880-$b013943836$mThe L: Derry Journal, etc. - no.3814, etc. (15 Feb.1825; 6 Jan. 1835-10 July 1869; 22, 29 Jan. 1870-19 March 1880)
=NID  \\$aNID0024923
=SRC  \\$aNPLv17$bbibmp35.20070831.aa
=TCO  \\$aZZZ$c008

