=LDR  03333cas a2200781u  4500
=001  013923010
=003  Uk
=005  20220301151027.0
=008  950421d18241941||||||n|||\\\\0\\\||eng\\
=019  n\$aNLC0004244
=040  \\$aUk$cUk
=082  04$a072.352$222
=245  04$aThe North Devon Journal.
=336  \\$atext$2rdacontent
=337  \\$aunmediated$2rdamedia
=338  \\$avolume$2rdacarrier
=500  \\$aAmalgamated with the "North Devon Herald".
=500  \\$aMicrofilm only: July 1824 to June 1825.
=651  \0$aBarnstaple (England)$vNewspapers.
=651  \0$aDevon (England)$vNewspapers.
=752  \\$aEngland$bDevon$dBarnstaple.$2blnpn
=852  41$aBritish Library$bNPL
=852  41$31859; Unfit for use$aBritish Library$bNPL$cEW$jS187 [1859]
=852  41$31871$aBritish Library$bNPL$cEW$j507 [1871]
=852  \\$aBritish Library$bNPL$cEW
=852  41$31832$aBritish Library$bNPL$cEW$j1009C [1831]$xBound with 1831
=852  \\$aBritish Library$bNPL$cEW
=852  41$aBritish Library$bNPL$jNEWS shelfmarks - see explore.bl.uk for full holdings
=852  41$aBritish Library$bHMNTS$zMicroform.$jMFM shelfmarks - see explore.bl.uk for full holdings
=852  41$aBritish Library$bNPL$jPENN shelfmarks - see explore.bl.uk for full holdings
=856  42$31824-1825, 1827-1889, 1891-1912, 1914-1941$uhttp://www.britishnewspaperarchive.co.uk/search/results?TitleId=BL/0000328$yBritish Newspaper Archive
=866  \0$aNewspapers :no.1-52, 132-6073 (2 July 1824-24 June 1825; 5 Jan.1827-27 Feb.1941)
=883  0\$aLanguage codes assigned by Bayesian analysis of words present in record$d20200826$qUk$c0.9919
=985  \\$aUpgraded by BSS-generated file for WR2009-0365
=CAT  \\$aBATCH-NPL$b00$c20070912$lBLL01$h1148
=CAT  \\$aBATCH-856$b50$c20220207$lBLL01$h0756
=CAT  \\$aBATCH-UPD$b50$c20220207$lBLL01$h0821
=CAT  \\$aBATCH-856$b50$c20220214$lBLL01$h0937
=CAT  \\$aBATCH-UPD$b50$c20220214$lBLL01$h0959
=CAT  \\$aBATCH-856$b50$c20220301$lBLL01$h1510
=CAT  \\$aBATCH-UPD$b50$c20220301$lBLL01$h1531
=CAT  \\$aRESET-LEV$b50$c20220302$lBLL01$h0056
=CAT  \\$aRESET-LEV$b50$c20220402$lBLL01$h1728
=CAT  \\$aRESET-LEV$b50$c20220502$lBLL01$h0243
=CAT  \\$aRESET-LEV$b50$c20220602$lBLL01$h2127
=CAT  \\$aRESET-LEV$b50$c20220702$lBLL01$h1730
=CAT  \\$aRESET-LEV$b50$c20220802$lBLL01$h0354
=CAT  \\$aRESET-LEV$b50$c20220902$lBLL01$h2223
=CAT  \\$aRESET-LEV$b50$c20221003$lBLL01$h0415
=CAT  \\$aRESET-LEV$b50$c20221102$lBLL01$h0234
=CAT  \\$aRESET-LEV$b50$c20221202$lBLL01$h2226
=CAT  \\$aRESET-LEV$b50$c20230102$lBLL01$h0303
=CAT  \\$aRESET-LEV$b50$c20230202$lBLL01$h2128
=CAT  \\$aRESET-LEV$b50$c20230302$lBLL01$h2137
=CAT  \\$aRESET-LEV$b50$c20230403$lBLL01$h0242
=CAT  \\$aRESET-LEV$b50$c20230502$lBLL01$h0325
=CAT  \\$aRESET-LEV$b50$c20230602$lBLL01$h2228
=CAT  \\$aRESET-LEV$b50$c20230703$lBLL01$h0510
=CAT  \\$aRESET-LEV$b50$c20230802$lBLL01$h0211
=CAT  \\$aRESET-LEV$b50$c20230902$lBLL01$h1744
=CAT  \\$aRESET-LEV$b50$c20231002$lBLL01$h0447
=FIN  \\$aY
=FMT  \\$a  SE
=LAS  \\$aRESET-LEV$b50$c20231002$lBLL01$h0447
=LEO  \\$aMP35.0000104151
=NID  \\$aNID0025750
=SRC  \\$aNPLv17$bbibmp35.20070831.aa
=TCO  \\$aZZZ$c008

