=LDR  03631cas a2200805u  4500
=001  013923506
=003  Uk
=005  20220301151027.0
=008  950421d17871920||||||n|||\\\\0\\\||eng\\
=019  n\$aNLC0006292
=040  \\$aUk$cUk
=082  04$a072.542$222
=245  00$aLeicester Journal, and Midland Counties General Advertiser.
=336  \\$atext$2rdacontent
=337  \\$aunmediated$2rdamedia
=338  \\$avolume$2rdacarrier
=500  \\$aMicrofilm only: 1759-1826, 1850,1873,1877.
=500  \\$aHard copy: 5 March, 8,15 April, 17 June, 23 Sept-28 Oct.16,23 Dec.1775; 20 Oct.1787; 26 Jan.1788;1827-49, 1851-72, 1874-76, 1878-1920.
=651  \0$aLeicester (England)$vNewspapers.
=651  \0$aLeicestershire (England)$vNewspapers.
=752  \\$aEngland$bLeicestershire$dLeicester.$2blnpn
=780  00$tLeicester and Nottingham Journal$gno.297-1774 (6 Jan.1759-30 Dec.1786)$w013923505
=852  41$aBritish Library$bNPL
=852  41$31830$aBritish Library$bNPL$cEW$jP93
=852  41$31880$aBritish Library$bNPL$cEW$j409 [1880]
=852  41$31804$aBritish Library$bNPL$jNT79$x8 Dec. 1804 only
=852  41$31804$aBritish Library$bNPL$jNT79$x8 Dec. 1804 only
=852  41$31804$aBritish Library$bNPL$jNT79$x8 Dec. 1804 only
=852  41$aBritish Library$bNPL$jNEWS shelfmarks - see explore.bl.uk for full holdings
=852  41$aBritish Library$bHMNTS$zMicroform.$jMFM shelfmarks - see explore.bl.uk for full holdings
=852  41$aBritish Library$bNPL$jPENN shelfmarks - see explore.bl.uk for full holdings
=856  42$31810-1818, 1828-1836, 1838-1841, 1843-1849, 1851-1875, 1877-1920$uhttp://www.britishnewspaperarchive.co.uk/search/results?TitleId=BL/0000205$yBritish Newspaper Archive
=866  \0$aNewspapers :no.1775-8713 (6 Jan 1787-25 June 1920)
=883  0\$aLanguage codes assigned by Bayesian analysis of words present in record$d20200826$qUk$c0.9919
=985  \\$aDisaggregated Record: NPL
=985  \\$aUpgraded by BSS-generated file for WR2009-0365
=CAT  \\$aBATCH-NPL$b00$c20070912$lBLL01$h1149
=CAT  \\$aBATCH-856$b50$c20220207$lBLL01$h0756
=CAT  \\$aBATCH-UPD$b50$c20220207$lBLL01$h0821
=CAT  \\$aBATCH-856$b50$c20220214$lBLL01$h0937
=CAT  \\$aBATCH-UPD$b50$c20220214$lBLL01$h1004
=CAT  \\$aBATCH-856$b50$c20220301$lBLL01$h1510
=CAT  \\$aBATCH-UPD$b50$c20220301$lBLL01$h1531
=CAT  \\$aRESET-LEV$b50$c20220302$lBLL01$h0056
=CAT  \\$aRESET-LEV$b50$c20220402$lBLL01$h1728
=CAT  \\$aRESET-LEV$b50$c20220502$lBLL01$h0243
=CAT  \\$aRESET-LEV$b50$c20220602$lBLL01$h2127
=CAT  \\$aRESET-LEV$b50$c20220702$lBLL01$h1730
=CAT  \\$aRESET-LEV$b50$c20220802$lBLL01$h0354
=CAT  \\$aRESET-LEV$b50$c20220902$lBLL01$h2223
=CAT  \\$aRESET-LEV$b50$c20221003$lBLL01$h0415
=CAT  \\$aRESET-LEV$b50$c20221102$lBLL01$h0235
=CAT  \\$aRESET-LEV$b50$c20221202$lBLL01$h2226
=CAT  \\$aRESET-LEV$b50$c20230102$lBLL01$h0303
=CAT  \\$aRESET-LEV$b50$c20230202$lBLL01$h2129
=CAT  \\$aRESET-LEV$b50$c20230302$lBLL01$h2137
=CAT  \\$aRESET-LEV$b50$c20230403$lBLL01$h0242
=CAT  \\$aRESET-LEV$b50$c20230502$lBLL01$h0325
=CAT  \\$aRESET-LEV$b50$c20230602$lBLL01$h2228
=CAT  \\$aRESET-LEV$b50$c20230703$lBLL01$h0510
=CAT  \\$aRESET-LEV$b50$c20230802$lBLL01$h0211
=CAT  \\$aRESET-LEV$b50$c20230902$lBLL01$h1744
=CAT  \\$aRESET-LEV$b50$c20231002$lBLL01$h0447
=FIN  \\$aY
=FMT  \\$a  SE
=LAS  \\$aRESET-LEV$b50$c20231002$lBLL01$h0447
=LEO  \\$aMP35.0000106167.1
=NID  \\$aNID0025882
=SRC  \\$aNPLv17$bbibmp35.20070831.aa
=TCO  \\$aZZZ$c008

