=LDR  06076cas a2201249 a 4500
=001  013926586
=003  Uk
=005  20221231214602.0
=007  ta
=008  950421d19071918enkwr\p\\\\\\\0\\\a0eng\\
=019  n\$aNLC0013367
=019  c\$a2176038
=040  \\$aUk$cUk$dUk
=130  0\$aVotes for women (London, England : 1907)
=245  00$aVotes for women.
=260  \\$aLondon :$bThe Reformer's Press,$c1907-1918.
=300  \\$av. :$bill., ports. ;$c33-43 cm.
=310  \\$aWeekly,$bApril 30, 1908-
=321  \\$aMonthly, with weekly supplements between the monthly numbers,$bOct. 1907-April 23, 1908
=336  \\$atext$2rdacontent
=337  \\$aunmediated$2rdamedia
=338  \\$avolume$2rdacarrier
=500  \\$aEdited by F.W. and Emmeline Pethick-Lawrence.
=500  \\$aOfficial organ of the United Suffragists.
=501  \\$aIssues for 1917 at RB.31.c.813 bound with: Britannia$5Uk
=540  \\$aCurrent Copyright Fee: GBP25.00$c0$5Uk
=595  \\$aCEASED PUBLICATION WITH 1918 SEE ALSO SERIAL RECORDS BUC.
=650  \0$aWomen$xSuffrage$vPeriodicals.
=650  \0$aWomen$xSuffrage$zGreat Britain$vPeriodicals.
=700  1\$aPethick-Lawrence, Frederick William Pethick-Lawrence,$cBaron,$d1871-1961.
=700  1\$aPethick-Lawrence, Emmeline,$d1867-
=710  2\$aWomen's Social and Political Union (Great Britain)
=852  41$31915-1916$aBritish Library$bNPL$jNEWS11981
=852  41$aBritish Library$bDSC$j9258.410000$3Oct. 1909-v. 5 (1911)
=852  41$31907$aBritish Library$bHMNTS$jLOU.LON 906 [1907]
=852  41$31908; Unfit for use$aBritish Library$bHMNTS$jLOU.LON 786 [1908]
=852  41$31909$aBritish Library$bHMNTS$jLOU.LON 941 [1909]
=852  41$31910$aBritish Library$bHMNTS$jLOU.LON 146 [1910]
=852  41$31911; Unfit for use$aBritish Library$bHMNTS$jLOU.LON 25 [1911]
=852  41$31912; Unfit for use$aBritish Library$bHMNTS$jLOU.LON 406 [1912]
=852  41$31913$aBritish Library$bHMNTS$jLOU.LON 15 [1913]
=852  41$31914; Unfitfor use$aBritish Library$bHMNTS$jLOU.LON 28 [1914]
=852  41$31915$aBritish Library$bHMNTS$jLOU.LON 308 [1915]
=852  41$31917$aBritish Library$bHMNTS$jRB.31.c.813.
=852  41$31918$aBritish Library$bHMNTS$jLOU.LON 673 [1918]
=852  41$31907-1908$aBritish Library$bHMNTS$zMicroform.$jMFM.M10476 [1907-1908]
=852  41$31909$aBritish Library$bHMNTS$zMicroform.$jMFM.M39666 [1909]
=852  41$31910$aBritish Library$bHMNTS$zMicroform.$jMFM.M39667 [1910]
=852  41$31911$aBritish Library$bHMNTS$zMicroform.$jMFM.M39668 [1911]
=852  41$31912$aBritish Library$bHMNTS$jMFM.M39669 [1912]$zMicroform.
=852  41$31913$aBritish Library$bHMNTS$zMicroform.$jMFM.M39670 [1913]
=852  41$31914$aBritish Library$bHMNTS$zMicroform.$jMFM.M39671 [1914]
=852  41$31915-1918$aBritish Library$bHMNTS$zMicroform.$jMFM.M39672 [1915-1918]
=852  41$aBritish Library$bHMNTS$3No. 1-436 (Oct. 1907-Feb. 1918).***Microfilm: Oct.1907 - Dec.1908.
=856  42$31907-1918$uhttp://www.britishnewspaperarchive.co.uk/search/results?TitleId=BL/0002187$yBritish Newspaper Archive
=945  \\$aVOTES FOR WOMEN.
=959  \\$fHeld but not currently received
=963  \\$aVOL. 1(3), 1907 *A=1; 2(34), [190?]- 9, 1916 *A=1$bN$cNPR.B.487
=985  \\$aRecord merged by DQ team
=ACF  \\$aPrevious copyright fee: GBP9.00$c0$e01-apr-2010$fGBP9.00$g0$hA$5Uk
=ACF  \\$aPrevious copyright fee: GBP6.00$c0$e01-apr-2008$fGBP6.00$g0$hA$5Uk
=ACF  \\$aPrevious copyright fee: GBP5.00$c0$e01-jul-2002$fGBP5.00$g0$hA$5Uk
=ACF  \\$aCurrent copyright fee: GBP4.40$c0$e01-jul-1998$fGBP4.40$g0$hA$5Uk
=ACF  \\$aCurrent copyright fee: GBP4.20$c0$e01-apr-1997$fGBP4.20$g0$hA$5Uk
=ACF  \\$aPrevious copyright fee: GBP10.50$c0$e01-jan-2011$fGBP10.50$g0$hA$5Uk
=ACF  \\$aPrevious copyright fee: GBP12.00$c0$e01-jan-2012$fGBP12.00$g0$hA$5Uk
=ACF  \\$aPrevious Copyright Fee: GBP12.30$c0$e01-jan-2014$fGBP12.30$g0$hA$5Uk
=ACF  \\$aPrevious Copyright Fee: GBP15.00$c0$e01-jan-2017$fGBP15.00$g0$hA$5Uk
=ACF  \\$aPrevious Copyright Fee: GBP17.50$c0$e01-jan-2018$fGBP17.50$g0$hA$5Uk
=ACF  \\$aPrevious Copyright Fee: GBP20.00$c0$e01-jan-2020$fGBP20.00$g0$hA$5Uk
=CAT  \\$aBATCH-NPL$b00$c20070912$lBLL01$h1150
=CAT  \\$aBATCH-UPD$b50$c20220214$lBLL01$h1004
=CAT  \\$aBATCH-856$b50$c20220301$lBLL01$h1510
=CAT  \\$aBATCH-UPD$b50$c20220301$lBLL01$h1532
=CAT  \\$aRESET-LEV$b50$c20220302$lBLL01$h0057
=CAT  \\$aRESET-LEV$b50$c20220402$lBLL01$h1729
=CAT  \\$aRESET-LEV$b50$c20220502$lBLL01$h0243
=CAT  \\$aRESET-LEV$b50$c20220602$lBLL01$h2127
=CAT  \\$aRESET-LEV$b50$c20220702$lBLL01$h1730
=CAT  \\$aRESET-LEV$b50$c20220802$lBLL01$h0354
=CAT  \\$aRESET-LEV$b50$c20220902$lBLL01$h2223
=CAT  \\$aRESET-LEV$b50$c20221003$lBLL01$h0416
=CAT  \\$aRESET-LEV$b50$c20221102$lBLL01$h0235
=CAT  \\$aRESET-LEV$b50$c20221202$lBLL01$h2226
=CAT  \\$aBATCH-CLA$b00$c20221221$lBLL01$h1855
=CAT  \\$aRESET-LEV$b50$c20221221$lBLL01$h2133
=CAT  \\$aIPL-CLA$c20221231$lBLL01$h2146
=CAT  \\$aRESET-LEV$b50$c20230102$lBLL01$h0304
=CAT  \\$aRESET-LEV$b50$c20230202$lBLL01$h2129
=CAT  \\$aRESET-LEV$b50$c20230302$lBLL01$h2137
=CAT  \\$aRESET-LEV$b50$c20230403$lBLL01$h0242
=CAT  \\$aRESET-LEV$b50$c20230502$lBLL01$h0325
=CAT  \\$aRESET-LEV$b50$c20230602$lBLL01$h2228
=CAT  \\$aRESET-LEV$b50$c20230703$lBLL01$h0510
=CAT  \\$aRESET-LEV$b50$c20230802$lBLL01$h0211
=CAT  \\$aRESET-LEV$b50$c20230902$lBLL01$h1744
=CAT  \\$aRESET-LEV$b50$c20231002$lBLL01$h0447
=CFI  0\$aCurrent Copyright Fee: GBP25.00$c0$e01-jan-2023$fGBP25.00$g0$hA$5Uk
=CFI  2\$aPrevious Copyright Fee: GBP22.50$c0$e01-jan-2021$fGBP22.50$g0$hA$5Uk
=FIN  \\$aY
=FMT  \\$a  SE
=LAS  \\$aRESET-LEV$b50$c20231002$lBLL01$h0447
=LEO  \\$aMP35.0000113143
=LEO  \\$aMP10.0000604503
=SRC  \\$aDSS01$bbibmp10.200404.2.aa
=SRC  \\$aNPLv17$bbibmp35.20070831.aa
=TCO  \\$aCLA$bCLA$c008

