=LDR  03414cas a2200769u  4500
=001  013927664
=003  Uk
=005  20220301151029.0
=008  950421d18811943||||||n|||\\\\0\\\||eng\\
=019  n\$aNLC0015222
=040  \\$aUk$cUk
=082  04$a072.6752$222
=245  00$aEssex Newsman.
=336  \\$atext$2rdacontent
=337  \\$aunmediated$2rdamedia
=338  \\$avolume$2rdacarrier
=500  \\$aWanting Jan.1897-Dec.1898; Jan.-June 1900; Jan.-Dec.1911.
=651  \0$aChelmsford (England)$vNewspapers.
=651  \0$aEssex (England)$vNewspapers.
=752  \\$aEngland$bEssex$dChelmsford.$2blnpn
=780  00$tEssex Halfpenny Newsman$gno.1-598 (5 Feb.1870 - 22 Oct.1881)$w013927663
=785  00$tNewsman-Herald$gno.3852-4454 (13 Nov.1943 - 16 Sept.1949)$w013927665
=852  41$31924$aBritish Library$bNPL
=852  41$31846-1847$aBritish Library$bNPL$cEW$j541A [1846]$xJul 1846-Dec 1847
=852  41$31833$aBritish Library$bNPL$cEW$j1078B [1832]$xBound with 1832
=852  41$aBritish Library$bNPL$jNEWS shelfmarks - see explore.bl.uk for full holdings
=852  41$aBritish Library$bHMNTS$z25 Mar - Dec$zBorrowed issues$zMicroform.$jMFM shelfmarks - see explore.bl.uk for full holdings
=852  41$aBritish Library$bNPL$jPENN shelfmarks - see explore.bl.uk for full holdings
=852  41$31862$aBritish Library$bNPL$cEW$j1227A [1862]
=856  42$31881-1896, 1899-1910, 1912-1943$uhttp://www.britishnewspaperarchive.co.uk/search/results?TitleId=BL/0000381$yBritish Newspaper Archive
=866  \0$aNewspapers :no.599-3851 (31 Oct.1881 - 6 Nov.1943)
=985  \\$aDisaggregated Record: NPL
=CAT  \\$aBATCH-NPL$b00$c20070912$lBLL01$h1151
=CAT  \\$aBATCH-856$b50$c20220207$lBLL01$h0756
=CAT  \\$aBATCH-UPD$b50$c20220207$lBLL01$h0822
=CAT  \\$aBATCH-856$b50$c20220214$lBLL01$h0937
=CAT  \\$aBATCH-UPD$b50$c20220214$lBLL01$h1004
=CAT  \\$aBATCH-856$b50$c20220301$lBLL01$h1510
=CAT  \\$aBATCH-UPD$b50$c20220301$lBLL01$h1532
=CAT  \\$aRESET-LEV$b50$c20220302$lBLL01$h0057
=CAT  \\$aRESET-LEV$b50$c20220402$lBLL01$h1729
=CAT  \\$aRESET-LEV$b50$c20220502$lBLL01$h0243
=CAT  \\$aRESET-LEV$b50$c20220602$lBLL01$h2127
=CAT  \\$aRESET-LEV$b50$c20220702$lBLL01$h1730
=CAT  \\$aRESET-LEV$b50$c20220802$lBLL01$h0354
=CAT  \\$aRESET-LEV$b50$c20220902$lBLL01$h2223
=CAT  \\$aRESET-LEV$b50$c20221003$lBLL01$h0416
=CAT  \\$aRESET-LEV$b50$c20221102$lBLL01$h0235
=CAT  \\$aRESET-LEV$b50$c20221202$lBLL01$h2226
=CAT  \\$aRESET-LEV$b50$c20230102$lBLL01$h0304
=CAT  \\$aRESET-LEV$b50$c20230202$lBLL01$h2129
=CAT  \\$aRESET-LEV$b50$c20230302$lBLL01$h2137
=CAT  \\$aRESET-LEV$b50$c20230403$lBLL01$h0242
=CAT  \\$aRESET-LEV$b50$c20230502$lBLL01$h0325
=CAT  \\$aRESET-LEV$b50$c20230602$lBLL01$h2228
=CAT  \\$aRESET-LEV$b50$c20230703$lBLL01$h0510
=CAT  \\$aRESET-LEV$b50$c20230802$lBLL01$h0211
=CAT  \\$aRESET-LEV$b50$c20230902$lBLL01$h1745
=CAT  \\$aRESET-LEV$b50$c20231002$lBLL01$h0447
=FIN  \\$aY
=FMT  \\$a  SE
=LAS  \\$aRESET-LEV$b50$c20231002$lBLL01$h0447
=LEO  \\$aMP35.0000114963.1
=LKR  \\$aPAR$lBLL01$r78500$nNewsman-Herald - no.3852-4454 (13 Nov.1943 - 16 Sept.1949)$b013927665$mEssex Newsman. - no.599-3851 (31 Oct.1881 - 6 Nov.1943)
=NID  \\$aNID0026815
=SRC  \\$aNPLv17$bbibmp35.20070831.aa
=TCO  \\$aZZZ$c008

