=LDR  07560cas a2201573u  4500
=001  013928339
=003  Uk
=005  20220301151029.0
=008  950421d18031908||||||p|||\\\\0\\\||eng\\
=019  n\$aNLC0018664
=019  x\$a3490690230
=040  \\$aUk$cUk
=130  0\$aCourse of the Exchange (London, England : 1803)
=245  00$aCourse of the Exchange :$bPrices of canals, dock stocks, assurance companies... Published by James Wetenhall, brokers.
=260  \\$aLondon
=336  \\$atext$2rdacontent
=337  \\$aunmediated$2rdamedia
=338  \\$avolume$2rdacarrier
=500  \\$aThe Stock Exchange bi-weekly officlal list.
=500  \\$aDiscontinued.
=500  \\$aMicrofilm: 1895.
=852  41$aBritish Library$bNPL
=852  41$31875$aBritish Library$bNPL$cEW$j303 [1875]
=852  41$31875$aBritish Library$bNPL$cEW$j303 [1875]
=852  41$31875$aBritish Library$bNPL$cEW$j303 [1875]
=852  41$31846$aBritish Library$bHMNTS$jLOU.LD134
=852  41$31803$aBritish Library$bHMNTS$jLOU.MISC250
=852  41$31825$aBritish Library$bHMNTS$jLOU.LON 531 [1825]
=852  41$31826$aBritish Library$bHMNTS$jLOU.LON 552 [1826]
=852  41$31827$aBritish Library$bHMNTS$jLOU.LON 580 [1827]
=852  41$31828$aBritish Library$bHMNTS$jLOU.LON 607 [1828]
=852  41$31829$aBritish Library$bHMNTS$jLOU.LON 977 [1829]
=852  41$31830$aBritish Library$bHMNTS$jLOU.LON 988 [1830]
=852  41$31831$aBritish Library$bHMNTS$jLOU.LON 1000 [1831]
=852  41$31832$aBritish Library$bHMNTS$jLOU.LON 1009 [1832]
=852  41$31833$aBritish Library$bHMNTS$jLOU.LON 1039 [1833]
=852  41$31834$aBritish Library$bHMNTS$jLOU.LON 1048 [1834]
=852  41$31835$aBritish Library$bHMNTS$jLOU.LON 1080 [1835]
=852  41$31836$aBritish Library$bHMNTS$jLOU.LON 1099 [1836]
=852  41$31837$aBritish Library$bHMNTS$jLOU.LON 1108 [1837]
=852  41$31838$aBritish Library$bHMNTS$jLOU.LON 882 [1838]
=852  41$31839$aBritish Library$bHMNTS$jLOU.LON 1167 [1839]
=852  41$31840$aBritish Library$bHMNTS$jLOU.LON 976 [1840]
=852  41$31841$aBritish Library$bHMNTS$jLOU.LON 44 [1841]
=852  41$31842$aBritish Library$bHMNTS$jLOU.LON 49A [1842]
=852  41$31843$aBritish Library$bHMNTS$jLOU.LON 9A [1843]
=852  41$31844$aBritish Library$bHMNTS$jLOU.LON 39 [1844]
=852  41$31845$aBritish Library$bHMNTS$jLOU.LON 45 [1845]
=852  41$31848$aBritish Library$bHMNTS$jLOU.LON 87 [1848]
=852  41$31850$aBritish Library$bHMNTS$jLOU.LON 42 [1850]
=852  41$31851$aBritish Library$bHMNTS$jLOU.LON 62 [1851]
=852  41$31853$aBritish Library$bHMNTS$jLOU.LON 81 [1853]
=852  41$31854$aBritish Library$bHMNTS$jLOU.LON 19 [1854]
=852  41$31855$aBritish Library$bHMNTS$jLOU.LON 22 [1855]
=852  41$31856$aBritish Library$bHMNTS$jLOU.LON 45 [1856]
=852  41$31857$aBritish Library$bHMNTS$zDuplicate$jLOU.LON 78 [1857]
=852  41$31858$aBritish Library$bHMNTS$jLOU.LON 101 [1858]
=852  41$31860$aBritish Library$bHMNTS$jLOU.LON 80 [1860]
=852  41$31861$aBritish Library$bHMNTS$jLOU.LON 101 [1861]
=852  41$31862$aBritish Library$bHMNTS$jLOU.LON 128 [1862]
=852  41$31863$aBritish Library$bHMNTS$jLOU.LON 98 [1863]
=852  41$31864$aBritish Library$bHMNTS$jLOU.LON 104 [1864]
=852  41$31865$aBritish Library$bHMNTS$jLOU.LON 94A [1865]
=852  41$31866$aBritish Library$bHMNTS$jLOU.LON 10 [1866]
=852  41$31867$aBritish Library$bHMNTS$jLOU.LON 85 [1867]
=852  41$31868$aBritish Library$bHMNTS$jLOU.LON 94 [1868]
=852  41$31869$aBritish Library$bHMNTS$jLOU.LON 71 [1869]
=852  41$31870$aBritish Library$bHMNTS$jLOU.LON 77 [1870]
=852  41$31871$aBritish Library$bHMNTS$jLOU.LON 88 [1871]
=852  41$31875$aBritish Library$bHMNTS$jLOU.LON 3 [1875]
=852  41$31878$aBritish Library$bHMNTS$jLOU.LON 165 [1878]
=852  41$31881$aBritish Library$bHMNTS$jLOU.LON 114D [1881]
=852  41$31882$aBritish Library$bHMNTS$jLOU.LON 33B [1882]
=852  41$31883$aBritish Library$bHMNTS$jLOU.LON 71A [1883]
=852  41$31885$aBritish Library$bHMNTS$jLOU.LON 187A [1885]
=852  41$31886$aBritish Library$bHMNTS$jLOU.LON 45A [1886]
=852  41$31887$aBritish Library$bHMNTS$jLOU.LON 49 [1887]
=852  41$31888$aBritish Library$bHMNTS$jLOU.LON 169 [1888]
=852  41$31889$aBritish Library$bHMNTS$jLOU.LON 59A [1889]
=852  41$31890$aBritish Library$bHMNTS$jLOU.LON 154A [1890]
=852  41$31895$aBritish Library$bHMNTS$jLOU.LON 126A [1895]
=852  41$31897$aBritish Library$bHMNTS$jLOU.LON 90 [1897]
=852  41$31898$aBritish Library$bHMNTS$jLOU.LON 41 [1898]
=852  41$31899$aBritish Library$bHMNTS$jLOU.LON 64 [1899]
=852  41$31900$aBritish Library$bHMNTS$jLOU.LON 176 [1900]
=852  41$31901$aBritish Library$bHMNTS$jLOU.LON 964 [1901]
=852  41$31902$aBritish Library$bHMNTS$jLOU.LON 1032 [1902]
=852  41$31903$aBritish Library$bHMNTS$jLOU.LON 1089 [1903]
=852  41$31904$aBritish Library$bHMNTS$jLOU.LON 85 [1904]
=852  41$31905$aBritish Library$bHMNTS$jLOU.LON 306 [1905]
=852  41$31906$aBritish Library$bHMNTS$jLOU.LON 209 [1906]
=852  41$31907$aBritish Library$bHMNTS$jLOU.LON 259 [1907]
=852  41$31908$aBritish Library$bHMNTS$jLOU.LON 270 [1908]
=852  41$31857$aBritish Library$bHMNTS$jLOU.LON 53 [1857]
=852  41$aBritish Library$bNPL$jNEWS shelfmarks - see explore.bl.uk for full holdings
=852  41$aBritish Library$bHMNTS$zMicroform.$jMFM shelfmarks - see explore.bl.uk for full holdings
=856  42$31825-1894, 1896-1908$uhttp://www.britishnewspaperarchive.co.uk/search/results?TitleId=BL/0002570$yBritish Newspaper Archive
=866  \0$ano.3-103; 11097-19682; New series.no.1-989 (11 Jan.-27 Dec.1803; 11 March 1825 - 30 June 1908)
=985  \\$aUpgraded by BSS-generated file for WR1910-0531
=CAT  \\$aBATCH-NPL$b00$c20070912$lBLL01$h1151
=CAT  \\$aBATCH-856$b50$c20220207$lBLL01$h0756
=CAT  \\$aBATCH-UPD$b50$c20220207$lBLL01$h0822
=CAT  \\$aBATCH-856$b50$c20220214$lBLL01$h0937
=CAT  \\$aBATCH-UPD$b50$c20220214$lBLL01$h1005
=CAT  \\$aBATCH-856$b50$c20220301$lBLL01$h1510
=CAT  \\$aBATCH-UPD$b50$c20220301$lBLL01$h1532
=CAT  \\$aRESET-LEV$b50$c20220302$lBLL01$h0057
=CAT  \\$aRESET-LEV$b50$c20220402$lBLL01$h1729
=CAT  \\$aRESET-LEV$b50$c20220502$lBLL01$h0243
=CAT  \\$aRESET-LEV$b50$c20220602$lBLL01$h2128
=CAT  \\$aRESET-LEV$b50$c20220702$lBLL01$h1730
=CAT  \\$aRESET-LEV$b50$c20220802$lBLL01$h0354
=CAT  \\$aRESET-LEV$b50$c20220902$lBLL01$h2223
=CAT  \\$aRESET-LEV$b50$c20221003$lBLL01$h0416
=CAT  \\$aRESET-LEV$b50$c20221102$lBLL01$h0235
=CAT  \\$aRESET-LEV$b50$c20221202$lBLL01$h2227
=CAT  \\$aRESET-LEV$b50$c20230102$lBLL01$h0304
=CAT  \\$aRESET-LEV$b50$c20230202$lBLL01$h2129
=CAT  \\$aRESET-LEV$b50$c20230302$lBLL01$h2137
=CAT  \\$aRESET-LEV$b50$c20230403$lBLL01$h0242
=CAT  \\$aRESET-LEV$b50$c20230502$lBLL01$h0325
=CAT  \\$aRESET-LEV$b50$c20230602$lBLL01$h2228
=CAT  \\$aRESET-LEV$b50$c20230703$lBLL01$h0510
=CAT  \\$aRESET-LEV$b50$c20230802$lBLL01$h0212
=CAT  \\$aRESET-LEV$b50$c20230902$lBLL01$h1745
=CAT  \\$aRESET-LEV$b50$c20231002$lBLL01$h0448
=FIN  \\$aY
=FMT  \\$a  SE
=LAS  \\$aRESET-LEV$b50$c20231002$lBLL01$h0448
=LEO  \\$aMP35.0000118346
=LEO  \\$aMP1.0004173925
=SRC  \\$aNPLv17$bbibmp35.20070831.aa
=SRC  \\$aBLS01$bbibmp1.200404.2.ae
=TCO  \\$aZZZ$c008

