=LDR  03854cas a2200877ui 4500
=001  013928948
=003  Uk
=005  20220301151029.0
=007  ta
=008  950421d19091913enkwr\p\\\\\\\0\\\a0eng\\
=019  n\$aNLC0019997
=022  0\$a2399-0325$202
=040  \\$aUk$cUk$dUk
=042  \\$aissnuk
=082  04$a324.62305$223
=130  0\$aCommon Cause (London, England : 1909)
=222  \0$aCommon cause$b(London. 1909)
=245  14$aThe common cause :$bthe organ of the women's movement for reform.
=260  \\$aLondon :$bGeorge Vickers,$c1909-1913.
=300  \\$c32 cm
=310  \\$aWeekly
=336  \\$atext$2rdacontent
=337  \\$aunmediated$2rdamedia
=338  \\$avolume$2rdacarrier
=362  0\$aVol. 1, no. 1 (April 15, 1909)-vol. v, no. 239 (Friday, November 7, 1913).
=500  \\$aThe organ of the National Union of Women's Suffrage Societies.
=500  \\$aFrom 15 April 1909 to 29 Sept.1911 published in Manchester.
=650  \0$aWomen$xSuffrage$vPeriodicals.
=650  \0$aWomen$xSuffrage$zGreat Britain$vPeriodicals.
=650  \0$aWomen's rights$vPeriodicals.
=710  2\$aNational Union of Women's Suffrage Societies.
=785  00$tWomen's Suffrage (London, England : 1913)$gno.240-278 (14 Nov.1913 - 7 Aug.1914)
=852  \\$aBritish Library$bHMNTS$3no.1-239 (15 April 1909 - 7 Nov.1913)
=852  41$31909$aBritish Library$bHMNTS$jLOU.EW 654 [1909]
=852  41$31910$aBritish Library$bHMNTS$jLOU.EW 1170 [1910]
=852  41$31911$aBritish Library$bHMNTS$jLOU.EW 391 [1911]
=852  41$31912$aBritish Library$bHMNTS$jLOU.EW 1153A [1912]
=852  41$31912$aBritish Library$bHMNTS$jLOU.EW 1153 [1912]
=852  41$31909-1910$aBritish Library$bHMNTS$zMicroform.$jMFM.M40474 [1909-1910]
=852  41$31911$aBritish Library$bHMNTS$zMicroform.$jMFM.M40475 [1911]
=852  41$31912$aBritish Library$bHMNTS$zMicroform.$jMFM.M40476 [1912]
=852  41$31913$aBritish Library$bHMNTS$jMFM.M40477 [1913]$zMicroform.$3Common Cause (Manchester) 3rd Jan. - 7th Nov., 1913 ; then continues as Woman`s Suffrage: The Common Cause Of Humanity (London) 14th Nov. - 3rd Apr. 1914
=856  42$31909-1913$uhttp://www.britishnewspaperarchive.co.uk/search/results?TitleId=BL/0002225$yBritish Newspaper Archive
=985  \\$aDisaggregated Record: NPL
=CAT  \\$aBATCH-NPL$b00$c20070912$lBLL01$h1152
=CAT  \\$aBATCH-UPD$b50$c20211101$lBLL01$h1412
=CAT  \\$aBATCH-856$b50$c20211108$lBLL01$h1044
=CAT  \\$aBATCH-UPD$b50$c20211108$lBLL01$h1102
=CAT  \\$aBATCH-856$b50$c20211115$lBLL01$h0940
=CAT  \\$aBATCH-UPD$b50$c20211115$lBLL01$h0958
=CAT  \\$aBATCH-856$b50$c20211122$lBLL01$h1254
=CAT  \\$aBATCH-UPD$b50$c20211122$lBLL01$h1311
=CAT  \\$aBATCH-856$b50$c20211220$lBLL01$h1032
=CAT  \\$aBATCH-UPD$b50$c20211220$lBLL01$h1115
=CAT  \\$aBATCH-856$b50$c20211228$lBLL01$h1450
=CAT  \\$aBATCH-UPD$b50$c20211228$lBLL01$h1523
=CAT  \\$aBATCH-856$b50$c20220104$lBLL01$h0958
=CAT  \\$aBATCH-UPD$b50$c20220104$lBLL01$h1022
=CAT  \\$aBATCH-856$b50$c20220110$lBLL01$h1300
=CAT  \\$aBATCH-UPD$b50$c20220110$lBLL01$h1358
=CAT  \\$aBATCH-856$b50$c20220117$lBLL01$h1434
=CAT  \\$aBATCH-UPD$b50$c20220117$lBLL01$h1509
=CAT  \\$aBATCH-856$b50$c20220131$lBLL01$h1010
=CAT  \\$aBATCH-UPD$b50$c20220131$lBLL01$h1031
=CAT  \\$aBATCH-856$b50$c20220207$lBLL01$h0756
=CAT  \\$aBATCH-UPD$b50$c20220207$lBLL01$h0822
=CAT  \\$aBATCH-856$b50$c20220214$lBLL01$h0937
=CAT  \\$aBATCH-UPD$b50$c20220214$lBLL01$h1005
=CAT  \\$aBATCH-856$b50$c20220301$lBLL01$h1510
=CAT  \\$aBATCH-UPD$b50$c20220301$lBLL01$h1532
=FIN  \\$aY
=FMT  \\$a  SE
=LAS  \\$aBATCH-UPD$b50$c20220301$lBLL01$h1532
=LEO  \\$aMP35.0000119664
=SRC  \\$aNPLv17$bbibmp35.20070831.aa
=TCO  \\$aZZZ$c008

