=LDR  03722cas a2200841ui 4500
=001  013928950
=003  Uk
=005  20220301151029.0
=007  ta
=008  950421d19141918enkwr\p\\\\\\\0\\\a0eng\\
=019  n\$aNLC0019997
=040  \\$aUk$cUk$dUk
=082  04$a324.62305$223
=130  0\$aCommon cause of Humanity (London, England : 1914)
=245  14$aThe common cause of Humanity :$bthe organ of the National Union of Women's Suffrage Societies.
=246  17$aCommon cause
=260  \\$aLondon :$bGeorge Vickers,$c1914-[1918]
=300  \\$billustrations ;$c33 cm
=310  \\$aWeekly
=336  \\$atext$2rdacontent
=337  \\$aunmediated$2rdamedia
=338  \\$avolume$2rdacarrier
=362  0\$aVol. VI, no. 279 (Friday August 14, 1914)-
=650  \0$aWomen$xSuffrage$vPeriodicals.
=650  \0$aWomen$xSuffrage$zGreat Britain$vPeriodicals.
=650  \0$aWomen's rights$vPeriodicals.
=710  2\$aNational Union of Women's Suffrage Societies.
=780  00$tWomen's Suffrage : The Common Cause of Humanity$gno.240-278 (14 Nov.1913 - 7 Aug.1914)$w013928949
=785  00$tCommon Cause$gno.465-564 (8 March 1918 - 30 Jan.1920)$w013928951
=852  \\$aBritish Library$bHMNTS$3no.279-464 (14 Aug.1914 - 1 March 1918)
=852  41$31914$aBritish Library$bHMNTS$jLOU.EW 751B [1914]
=852  41$31915$aBritish Library$bHMNTS$jLOU.EW 206 [1915]
=852  41$31916$aBritish Library$bHMNTS$jLOU.EW 1187 [1916]
=852  41$31917$aBritish Library$bHMNTS$jLOU.EW 642 [1917]
=852  41$31918$aBritish Library$bHMNTS$jLOU.EW 13 [1918]
=852  41$31914-1915$aBritish Library$bHMNTS$zMicroform.$jMFM.M40478 [1914-1915]
=852  41$31916-1917$aBritish Library$bHMNTS$zMicroform.$jMFM.M40479 [1916-1917]
=852  41$31918$aBritish Library$bHMNTS$zMicroform.$jMFM.M40480 [1918]
=856  42$31914-1918$uhttp://www.britishnewspaperarchive.co.uk/search/results?TitleId=BL/0002227$yBritish Newspaper Archive
=985  \\$aDisaggregated Record: NPL
=CAT  \\$aBATCH-NPL$b00$c20070912$lBLL01$h1152
=CAT  \\$aBATCH-UPD$b50$c20211101$lBLL01$h1412
=CAT  \\$aBATCH-856$b50$c20211108$lBLL01$h1044
=CAT  \\$aBATCH-UPD$b50$c20211108$lBLL01$h1102
=CAT  \\$aBATCH-856$b50$c20211115$lBLL01$h0940
=CAT  \\$aBATCH-UPD$b50$c20211115$lBLL01$h0958
=CAT  \\$aBATCH-856$b50$c20211122$lBLL01$h1254
=CAT  \\$aBATCH-UPD$b50$c20211122$lBLL01$h1311
=CAT  \\$aBATCH-856$b50$c20211220$lBLL01$h1032
=CAT  \\$aBATCH-UPD$b50$c20211220$lBLL01$h1115
=CAT  \\$aBATCH-856$b50$c20211228$lBLL01$h1450
=CAT  \\$aBATCH-UPD$b50$c20211228$lBLL01$h1523
=CAT  \\$aBATCH-856$b50$c20220104$lBLL01$h0958
=CAT  \\$aBATCH-UPD$b50$c20220104$lBLL01$h1022
=CAT  \\$aBATCH-856$b50$c20220110$lBLL01$h1300
=CAT  \\$aBATCH-UPD$b50$c20220110$lBLL01$h1358
=CAT  \\$aBATCH-856$b50$c20220117$lBLL01$h1434
=CAT  \\$aBATCH-UPD$b50$c20220117$lBLL01$h1509
=CAT  \\$aBATCH-856$b50$c20220131$lBLL01$h1010
=CAT  \\$aBATCH-UPD$b50$c20220131$lBLL01$h1031
=CAT  \\$aBATCH-856$b50$c20220207$lBLL01$h0756
=CAT  \\$aBATCH-UPD$b50$c20220207$lBLL01$h0822
=CAT  \\$aBATCH-856$b50$c20220214$lBLL01$h0937
=CAT  \\$aBATCH-UPD$b50$c20220214$lBLL01$h1005
=CAT  \\$aBATCH-856$b50$c20220301$lBLL01$h1510
=CAT  \\$aBATCH-UPD$b50$c20220301$lBLL01$h1532
=FIN  \\$aY
=FMT  \\$a  SE
=LAS  \\$aBATCH-UPD$b50$c20220301$lBLL01$h1532
=LEO  \\$aMP35.0000119664.2
=LKR  \\$aPAR$lBLL01$r7800$b013928949$mThe common cause of Humanity : the organ of the National Union of Women's Suffrage Societies.$nWomen's suffrage : the common cause of Humanity.
=SRC  \\$aNPLv17$bbibmp35.20070831.aa
=TCO  \\$aZZZ$c008

