=LDR  03274cas a2200757ui 4500
=001  013928951
=003  Uk
=005  20220301151029.0
=007  ta
=008  950421d19181920enkuu\p\\\\\\\0\\\a0eng\\
=019  n\$aNLC0019997
=040  \\$aUk$cUk$dUk
=082  04$a324.62305$223
=130  0\$aCommon cause (London, England : 1918)
=245  14$aThe common cause.
=260  \\$aLondon,$c[1918]-[1920]
=336  \\$atext$2rdacontent
=337  \\$aunmediated$2rdamedia
=338  \\$avolume$2rdacarrier
=650  \0$aWomen$xSuffrage$vPeriodicals.
=650  \0$aWomen$xSuffrage$zGreat Britain$vPeriodicals.
=650  \0$aWomen's rights$vPeriodicals.
=780  00$tCommon Cause of Humanity$gno.279-464 (14 Aug.1914 - 1 March 1918)$w013928950
=785  00$tWoman's Leader and the Common Cause$g[New series.] vol.12.no.1 - vol.23.no.9; New series.no.1-6 (6 Feb.1920 - March 1933)$w013928952
=852  \\$aBritish Library$bHMNTS$3no.465-564 (8 March 1918 - 30 Jan.1920)
=852  41$31918$aBritish Library$bHMNTS$jLOU.EW 13 [1918]
=852  41$31919$aBritish Library$bHMNTS$jLOU.EW 1098 [1919]
=852  41$31920$aBritish Library$bHMNTS$jLOU.LON 615 [1920]
=852  41$31918$aBritish Library$bHMNTS$zMicroform.$jMFM.M40480 [1918]
=852  41$31920$aBritish Library$bHMNTS$zMicroform.$jMFM.M40481 [1920]
=852  41$31919$aBritish Library$bHMNTS$zMicroform.$jMFM.M40480 [1919]
=856  42$31918-1920$uhttp://www.britishnewspaperarchive.co.uk/search/results?TitleId=BL/0002228$yBritish Newspaper Archive
=985  \\$aDisaggregated Record: NPL
=CAT  \\$aBATCH-NPL$b00$c20070912$lBLL01$h1152
=CAT  \\$aBATCH-UPD$b50$c20211101$lBLL01$h1412
=CAT  \\$aBATCH-856$b50$c20211108$lBLL01$h1044
=CAT  \\$aBATCH-UPD$b50$c20211108$lBLL01$h1102
=CAT  \\$aBATCH-856$b50$c20211115$lBLL01$h0940
=CAT  \\$aBATCH-UPD$b50$c20211115$lBLL01$h0958
=CAT  \\$aBATCH-856$b50$c20211122$lBLL01$h1254
=CAT  \\$aBATCH-UPD$b50$c20211122$lBLL01$h1311
=CAT  \\$aBATCH-856$b50$c20211220$lBLL01$h1032
=CAT  \\$aBATCH-UPD$b50$c20211220$lBLL01$h1115
=CAT  \\$aBATCH-856$b50$c20211228$lBLL01$h1450
=CAT  \\$aBATCH-UPD$b50$c20211228$lBLL01$h1523
=CAT  \\$aBATCH-856$b50$c20220104$lBLL01$h0958
=CAT  \\$aBATCH-UPD$b50$c20220104$lBLL01$h1022
=CAT  \\$aBATCH-856$b50$c20220110$lBLL01$h1300
=CAT  \\$aBATCH-UPD$b50$c20220110$lBLL01$h1358
=CAT  \\$aBATCH-856$b50$c20220117$lBLL01$h1434
=CAT  \\$aBATCH-UPD$b50$c20220117$lBLL01$h1509
=CAT  \\$aBATCH-856$b50$c20220131$lBLL01$h1010
=CAT  \\$aBATCH-UPD$b50$c20220131$lBLL01$h1031
=CAT  \\$aBATCH-856$b50$c20220207$lBLL01$h0756
=CAT  \\$aBATCH-UPD$b50$c20220207$lBLL01$h0822
=CAT  \\$aBATCH-856$b50$c20220214$lBLL01$h0937
=CAT  \\$aBATCH-UPD$b50$c20220214$lBLL01$h1005
=CAT  \\$aBATCH-856$b50$c20220301$lBLL01$h1510
=CAT  \\$aBATCH-UPD$b50$c20220301$lBLL01$h1532
=FIN  \\$aY
=FMT  \\$a  SE
=LAS  \\$aBATCH-UPD$b50$c20220301$lBLL01$h1532
=LEO  \\$aMP35.0000119664.3
=LKR  \\$aPAR$lBLL01$r78000$b013928950$mThe common cause.$nThe common cause of Humanity : the organ of the National Union of Women's Suffrage Societies.
=SRC  \\$aNPLv17$bbibmp35.20070831.aa
=TCO  \\$aZZZ$c008

