=LDR  08510cas a2201645ui 4500
=001  013929409
=003  Uk
=005  20221231214607.0
=007  ta
=008  950421d18901921enkuu\n\\\\\\\0\\\a0eng\\
=019  c\$a2291921
=019  n\$aNLC0020703
=019  x\$a2531750088
=019  2\$aiolv00336
=022  0\$a2399-4134$202
=040  \\$aUk$cUk$dUk
=042  \\$aissnuk
=082  04$a954.05$223
=130  0\$aIndia (London, England : 1890)
=222  \0$aIndia$b(London)
=245  10$aIndia :$ba journal for the discussion of Indian affairs.
=260  \\$aLondon :$bBritish Committee of the Indian National Congress,$c1890-1921$f(A. Bonner)
=300  \\$c34 cm
=336  \\$atext$2rdacontent
=337  \\$aunmediated$2rdamedia
=338  \\$avolume$2rdacarrier
=362  0\$aVol 1, no 1 (Feb 1890)-v. 55, no 1202 (14 Jan. 1921).
=500  \\$aThe organ of the Indian National Congress.
=500  \\$aEdited by: H.E.A. Cotton (1906-1919); William Digby (1890-1892); Gordon Hewart (1893-1905); J. Muirhead (Prof.) (1905-1906); Polak (1919-1920); Morse Stephens (1893).
=500  \\$aSub-title varies: a journal for the discussion of Indian affairs; a record and review of Indian affairs.
=500  \\$a"'India' is not merely a political organ. It represents New India in every dpmt of progress - literary, social and industrial." - Wrapper, vol. 4, no. 10 (1893).
=540  \\$aCurrent Copyright Fee: GBP25.00$c0$5Uk
=651  \0$aIndia$xPolitics and government$y19th century$vPeriodicals.
=651  \0$aIndia$xPolitics and government$y20th century$vPeriodicals.
=651  \0$aIndia$xSocial conditions$y19th century$vPeriodicals.
=651  \0$aGreat Britain$xColonies$xHistory$vPeriodicals.
=710  2\$aIndian National Congress.$bBritish Committee.
=785  00$tHindu: the Indian organ in Europe and America
=852  41$aBritish Library$bOC$jSM 209$3Holdings: NS 1 (Feb. 1890)-55, no.2 (Jan. 1921). Wanting: Dec. 1891; Oct.-Dec. 1892
=852  41$aBritish Library$bHMNTS$jTab.1281.a2(7).$3[Another copy of NS v. 4, no. 10 (Oct. 1893), and NS v. 7, no. 12 (Dec. 1896). Bound together]. From the Nightingale papers. With contributions from Florence Nightingale.
=852  41$aBritish Library$bHMNTS$3vol.1.no.1 - vol.55.no.2 (Feb.1890 - 14 Jan.1921)***Wanting Oct. - Dec. 1892.
=852  41$31890-1891$aBritish Library$bHMNTS$zMicroform.$jMFM.M9205 [1890-1891]
=852  41$31892-1893$aBritish Library$bHMNTS$zMicroform.$jMFM.M9206 [1892-1893]
=852  41$31894-1895$aBritish Library$bHMNTS$zMicroform.$jMFM.M9207 [1894-1895]
=852  41$31896-1897$aBritish Library$bHMNTS$zMicroform.$jMFM.M9208 [1896-1897]
=852  41$31898$aBritish Library$bHMNTS$zMicroform.$jMFM.M9209 [1898]
=852  41$31899-1900$aBritish Library$bHMNTS$zMicroform.$jMFM.M9211 [1899-1900]
=852  41$31901-1902$aBritish Library$bHMNTS$zMicroform.$jMFM.M9212 [1901-1902]
=852  41$31903-1904$aBritish Library$bHMNTS$zMicroform.$jMFM.M9213 [1903-1904]
=852  41$31905-1906$aBritish Library$bHMNTS$zMicroform.$jMFM.M9214 [1905-1906]
=852  41$31907-1908$aBritish Library$bHMNTS$zMicroform.$jMFM.M9215 [1907-1908]
=852  41$31909-1910$aBritish Library$bHMNTS$zMicroform.$jMFM.M9216 [1909-1910]
=852  41$31911-1912$aBritish Library$bHMNTS$zMicroform.$jMFM.M9217 [1911-1912]
=852  41$31913-1914$aBritish Library$bHMNTS$zMicroform.$jMFM.M9218 [1913-1914]
=852  41$31915-1916$aBritish Library$bHMNTS$zMicroform.$jMFM.M9219 [1915-1916]
=852  41$31917-1919$aBritish Library$bHMNTS$zMicroform.$jMFM.M9220 [1917-1919]
=852  41$31920-1921$aBritish Library$bHMNTS$zMicroform.$jMFM.M9221 [1920-1921]
=852  41$31890$aBritish Library$bHMNTS$jLOU.LON 352 [1890]
=852  41$31891$aBritish Library$bHMNTS$jLOU.LON 326A [1891]
=852  41$31892$aBritish Library$bHMNTS$jLOU.LON 166 [1892]
=852  41$31893; Unfit for use$aBritish Library$bHMNTS$jLOU.LON 293 [1893]
=852  41$31894$aBritish Library$bHMNTS$jLOU.LON 457 [1894]
=852  41$31895$aBritish Library$bHMNTS$jLOU.LON 579 [1895]
=852  41$31896; Unfit for use$aBritish Library$bHMNTS$jLOU.LON 370 [1896]
=852  41$31897$aBritish Library$bHMNTS$jLOU.LON 969 [1897]
=852  41$31898$aBritish Library$bHMNTS$jLOU.LON 466 [1898]
=852  41$31899$aBritish Library$bHMNTS$jLOU.LON 447 [1899]
=852  41$31900$aBritish Library$bHMNTS$jLOU.LON 208 [1900]
=852  41$31901$aBritish Library$bHMNTS$jLOU.LON 1050 [1901]
=852  41$31902$aBritish Library$bHMNTS$jLOU.LON 812 [1902]
=852  41$31903$aBritish Library$bHMNTS$jLOU.LON 94 [1903]
=852  41$31904$aBritish Library$bHMNTS$jLOU.LON 431 [1904]
=852  41$31905$aBritish Library$bHMNTS$jLOU.LON 372 [1905]
=852  41$31906$aBritish Library$bHMNTS$jLOU.LON 52 [1906]
=852  41$31907$aBritish Library$bHMNTS$jLOU.LON 542 [1907]
=852  41$31908$aBritish Library$bHMNTS$jLOU.LON 41 [1908]
=852  41$31909$aBritish Library$bHMNTS$jLOU.LON 53 [1909]
=852  41$31910$aBritish Library$bHMNTS$jLOU.LON 311 [1910]
=852  41$31911$aBritish Library$bHMNTS$jLOU.LON 290 [1911]
=852  41$31912$aBritish Library$bHMNTS$jLOU.LON 518 [1912]
=852  41$31913$aBritish Library$bHMNTS$jLOU.LON 38 [1913]
=852  41$31914$aBritish Library$bHMNTS$jLOU.LON 342 [1914]
=852  41$31915$aBritish Library$bHMNTS$jLOU.LON 451 [1915]
=852  41$31916$aBritish Library$bHMNTS$jLOU.LON 374 [1916]
=852  41$31917$aBritish Library$bHMNTS$jLOU.LON 635 [1917]
=852  41$31918$aBritish Library$bHMNTS$jLOU.LON 408 [1918]
=852  41$31919$aBritish Library$bHMNTS$jLOU.LON 628 [1919]
=852  41$31920$aBritish Library$bHMNTS$jLOU.LON 298 [1920]
=852  41$31921$aBritish Library$bHMNTS$jLOU.LON 659 [1921]
=856  42$31890-1921$uhttp://www.britishnewspaperarchive.co.uk/search/results?TitleId=BL/0004300$yBritish Newspaper Archive
=886  2\$2blmarc$a092$b00$a4391.233000n
=886  2\$2blmarc$a967$b00$gx
=945  \\$aINDIA -LONDON- ORGAN OF THE INDIAN NATIONAL CONGRESS-.
=963  \\$aNS: VOL. 8, 1897- [55], 1921 *A=1$bN$cNPR
=979  \\$aBritish Library$bDSC$j4391.233000N
=ACF  \\$aPrevious copyright fee: GBP12.00$c0$e01-jan-2012$fGBP12.00$g0$hA$5Uk
=ACF  \\$aPrevious Copyright Fee: GBP12.30$c0$e01-jan-2014$fGBP12.30$g0$hA$5Uk
=ACF  \\$aPrevious Copyright Fee: GBP15.00$c0$e01-jan-2017$fGBP15.00$g0$hA$5Uk
=ACF  \\$aPrevious Copyright Fee: GBP17.50$c0$e01-jan-2018$fGBP17.50$g0$hA$5Uk
=ACF  \\$aPrevious Copyright Fee: GBP20.00$c0$e01-jan-2020$fGBP20.00$g0$hA$5Uk
=CAT  \\$aBATCH-NPL$b00$c20070912$lBLL01$h1152
=CAT  \\$aBATCH-CLA$b00$c20191219$lBLL01$h1741
=CAT  \\$aIPL-CLA$c20191231$lBLL01$h1949
=CAT  \\$aR2001-1524$c20200127$lBLL01$h2026
=CAT  \\$aBATCH-CLA$b00$c20201204$lBLL01$h1545
=CAT  \\$aIPL-CLA$c20201231$lBLL01$h2228
=CAT  \\$aBATCH-856$b50$c20211220$lBLL01$h1032
=CAT  \\$aBATCH-UPD$b50$c20211220$lBLL01$h1115
=CAT  \\$aBATCH-856$b50$c20211228$lBLL01$h1450
=CAT  \\$aBATCH-UPD$b50$c20211228$lBLL01$h1523
=CAT  \\$aBATCH-856$b50$c20220104$lBLL01$h0958
=CAT  \\$aBATCH-UPD$b50$c20220104$lBLL01$h1022
=CAT  \\$aBATCH-856$b50$c20220110$lBLL01$h1300
=CAT  \\$aBATCH-UPD$b50$c20220110$lBLL01$h1358
=CAT  \\$aBATCH-856$b50$c20220117$lBLL01$h1434
=CAT  \\$aBATCH-UPD$b50$c20220117$lBLL01$h1509
=CAT  \\$aBATCH-856$b50$c20220131$lBLL01$h1010
=CAT  \\$aBATCH-UPD$b50$c20220131$lBLL01$h1031
=CAT  \\$aBATCH-856$b50$c20220207$lBLL01$h0756
=CAT  \\$aBATCH-UPD$b50$c20220207$lBLL01$h0822
=CAT  \\$aBATCH-856$b50$c20220214$lBLL01$h0937
=CAT  \\$aBATCH-UPD$b50$c20220214$lBLL01$h1005
=CAT  \\$aBATCH-856$b50$c20220301$lBLL01$h1510
=CAT  \\$aBATCH-UPD$b50$c20220301$lBLL01$h1532
=CAT  \\$aBATCH-CLA$b00$c20221221$lBLL01$h1855
=CAT  \\$aIPL-CLA$c20221231$lBLL01$h2146
=CFI  0\$aCurrent Copyright Fee: GBP25.00$c0$e01-jan-2023$fGBP25.00$g0$hA$5Uk
=CFI  2\$aPrevious Copyright Fee: GBP22.50$c0$e01-jan-2021$fGBP22.50$g0$hA$5Uk
=FIN  \\$aY
=FMT  \\$a  SE
=LAS  \\$aIPL-CLA$b00$c20221231$lBLL01$h2146
=LEO  \\$aMP13.0000558724
=LEO  \\$aMP10.0000280531
=LEO  \\$aMP35.0000120364
=LEO  \\$aMP1.0003031787
=SRC  \\$aHSS01$bbibmp13.200404.2.ab
=SRC  \\$aDSS01$bbibmp10.200404.2.aa
=SRC  \\$aNPLv17$bbibmp35.20070831.aa
=SRC  \\$aBLS01$bbibmp1.200404.2.ad
=TCO  \\$aZZZ$c008

