=LDR  04118cas a2200925 a 4500
=001  013930210
=003  Uk
=005  20221231214609.0
=007  ta
=008  950421d19191959enkwr\p\\\\\\\0\\\a0eng\\
=019  n\$aNLC0021856
=019  c\$a2096535
=040  \\$aUk$cUk$dUk
=245  04$aThe Kinematograph weekly.
=260  \\$aLondon :$b[s.n.],$c1919-1959.
=300  \\$av. :$bill. ;$c28 cm.
=310  \\$aWeekly
=336  \\$atext$2rdacontent
=337  \\$aunmediated$2rdamedia
=338  \\$avolume$2rdacarrier
=362  0\$aVol. 33, no. 648 (Sept. 25, 1919)-no. 2723 (10 Dec. 1959)
=540  \\$aCurrent Copyright Fee: GBP25.00$c0$5Uk
=595  \\$aFORMERLY 5095.93N ABSORBS 4362.3792N AND 5969.0375N CONTD AS 5095.85N SEE ALSO CARD INDEX.
=650  \0$aCinematography$vPeriodicals.
=650  \0$aMotion picture industry$zGreat Britain$vPeriodicals.
=780  00$tKinematograph and lantern weekly
=785  00$tKine weekly
=852  41$aBritish Library$bDSC$j5095.950000$3Vol. 501, no. 2684 (Jan. 22 1959)-v. 651, no. 3337 (25 Sept. 1971)
=852  41$31919-1959$aBritish Library$bHMNTS$zMicroform.$jMFM.MLD94
=852  41$aBritish Library$bHMNTS$3No.658-2723 (4 Dec.1919 - 10 Dec.1959)
=852  41$31919-1959$aBritish Library$bHMNTS$jLOU.LD94
=856  42$31919-1947, 1950-1959$uhttp://www.britishnewspaperarchive.co.uk/search/results?TitleId=BL/0003237$yBritish Newspaper Archive
=945  \\$aKINEMATOGRAPH WEEKLY.
=959  \\$fHeld but not currently received
=963  \\$aVOL. 34//NO. 654, 1919- 511//2723, 1959 *A=1$bN$cL415:6.B.4
=985  \\$aDisaggregated Record: NPL
=985  \\$aRecord merged by DQ team
=ACF  \\$aPrevious copyright fee: GBP10.50$c0$e01-jan-2011$fGBP10.50$g0$hA$5Uk
=ACF  \\$aPrevious copyright fee: GBP12.00$c0$e01-jan-2012$fGBP12.00$g0$hA$5Uk
=ACF  \\$aPrevious Copyright Fee: GBP12.30$c0$e01-jan-2014$fGBP12.30$g0$hA$5Uk
=ACF  \\$aPrevious Copyright Fee: GBP15.00$c0$e01-jan-2017$fGBP15.00$g0$hA$5Uk
=ACF  \\$aPrevious Copyright Fee: GBP17.50$c0$e01-jan-2018$fGBP17.50$g0$hA$5Uk
=ACF  \\$aPrevious Copyright Fee: GBP20.00$c0$e01-jan-2020$fGBP20.00$g0$hA$5Uk
=CAT  \\$aBATCH-NPL$b00$c20070912$lBLL01$h1152
=CAT  \\$aBATCH-UPD$b50$c20211108$lBLL01$h1102
=CAT  \\$aBATCH-856$b50$c20211115$lBLL01$h0940
=CAT  \\$aBATCH-UPD$b50$c20211115$lBLL01$h0958
=CAT  \\$aBATCH-856$b50$c20211122$lBLL01$h1254
=CAT  \\$aBATCH-UPD$b50$c20211122$lBLL01$h1311
=CAT  \\$aBATCH-856$b50$c20211220$lBLL01$h1032
=CAT  \\$aBATCH-UPD$b50$c20211220$lBLL01$h1115
=CAT  \\$aBATCH-856$b50$c20211228$lBLL01$h1450
=CAT  \\$aBATCH-UPD$b50$c20211228$lBLL01$h1523
=CAT  \\$aBATCH-856$b50$c20220104$lBLL01$h0958
=CAT  \\$aBATCH-UPD$b50$c20220104$lBLL01$h1022
=CAT  \\$aBATCH-856$b50$c20220110$lBLL01$h1300
=CAT  \\$aBATCH-UPD$b50$c20220110$lBLL01$h1358
=CAT  \\$aBATCH-856$b50$c20220117$lBLL01$h1434
=CAT  \\$aBATCH-UPD$b50$c20220117$lBLL01$h1509
=CAT  \\$aBATCH-856$b50$c20220131$lBLL01$h1010
=CAT  \\$aBATCH-UPD$b50$c20220131$lBLL01$h1031
=CAT  \\$aBATCH-856$b50$c20220207$lBLL01$h0756
=CAT  \\$aBATCH-UPD$b50$c20220207$lBLL01$h0822
=CAT  \\$aBATCH-856$b50$c20220214$lBLL01$h0937
=CAT  \\$aBATCH-UPD$b50$c20220214$lBLL01$h1005
=CAT  \\$aBATCH-856$b50$c20220301$lBLL01$h1510
=CAT  \\$aBATCH-UPD$b50$c20220301$lBLL01$h1532
=CAT  \\$aBATCH-CLA$b00$c20221221$lBLL01$h1855
=CAT  \\$aIPL-CLA$c20221231$lBLL01$h2146
=CFI  0\$aCurrent Copyright Fee: GBP25.00$c0$e01-jan-2023$fGBP25.00$g0$hA$5Uk
=CFI  2\$aPrevious Copyright Fee: GBP22.50$c0$e01-jan-2021$fGBP22.50$g0$hA$5Uk
=FIN  \\$aY
=FMT  \\$a  SE
=LAS  \\$aIPL-CLA$b00$c20221231$lBLL01$h2146
=LEO  \\$aMP35.0000121508.2
=LEO  \\$aMP10.0000331660
=LKR  \\$aPAR$lBLL01$r78500$nKine Weekly - no.2724-3337 (17 Dec.1959 - 25 Sept.1971)$b013930211$mKinematograph Weekly. - no.658-2723 (4 Dec.1919 - 10 Dec.1959)
=SRC  \\$aDSS01$bbibmp10.200404.2.aa
=SRC  \\$aNPLv17$bbibmp35.20070831.aa
=TCO  \\$aZZZ$c008

