=LDR  03832cas a2200853u  4500
=001  013943709
=003  Uk
=005  20220301151032.0
=008  950421d18101944||||||n|||\\\\0\\\||eng\\
=019  n\$aNLC0000124
=040  \\$aUk$cUk
=082  04$a072.378$222
=245  04$aThe West Briton and Cornwall Advertiser.
=336  \\$atext$2rdacontent
=337  \\$aunmediated$2rdamedia
=338  \\$avolume$2rdacarrier
=500  \\$aImperfect: 1810-30.
=500  \\$aA second imperfect set: no. 34, etc. 22 March 1811-end of Dec. 1831 is also held.
=500  \\$aWanting 1898, 1911.
=500  \\$aIncluding a 150th Anniversary edition dated 21 July 1960.
=500  \\$aMicrofilm: 1810-1906, 1908-10, 1912-1950, 1986 onward.
=651  0\$aTruro (England)$vNewspapers.
=651  0\$aCornwall (England : County)$vNewspapers.
=752  \\$aEngland$bCornwall$dTruro.$2blnpn
=785  00$tWest Briton$g30 March 1944-10 May 1951$w013890062
=852  \\$aBritish Library$bNPL
=852  41$31784$aBritish Library$bNPL$cEW$jP28
=852  41$31962$aBritish Library$bNPL$j2735 [1962]
=852  41$31876$aBritish Library$bNPL$cEW$jM30862
=852  41$aBritish Library$bNPL
=852  41$31964$aBritish Library$bNPL$j1886 [1964]
=852  41$aBritish Library$bNPL$jNEWS shelfmarks - see explore.bl.uk for full holdings
=852  41$aBritish Library$bHMNTS$zMicroform.$jMFM shelfmarks - see explore.bl.uk for full holdings
=852  41$aBritish Library$bNPL$jPENN shelfmarks - see explore.bl.uk for full holdings
=856  42$31862, 1870, 1873-1874, 1877, 1879, 1889, 1897, 1900, 1902-1903, 1907-1908, 1912, 1915-1916, 1920, 1923, 1939$uhttp://www.britishnewspaperarchive.co.uk/search/results?TitleId=BL/0000349$yBritish Newspaper Archive
=866  \0$aNewspapers :no. 1, etc. (20 July 1810-27 March 1944)
=883  0\$aLanguage codes assigned by Bayesian analysis of words present in record$d20200826$qUk$c0.9919
=985  \\$aDisaggregated Record: NPL
=985  \\$aUpgraded by BSS-generated file for WR2009-0365
=CAT  \\$aBATCH-NPL$b00$c20070914$lBLL01$h0207
=CAT  \\$aBATCH-856$b50$c20220207$lBLL01$h0756
=CAT  \\$aBATCH-UPD$b50$c20220207$lBLL01$h0823
=CAT  \\$aBATCH-856$b50$c20220214$lBLL01$h0938
=CAT  \\$aBATCH-UPD$b50$c20220214$lBLL01$h1006
=CAT  \\$aBATCH-856$b50$c20220301$lBLL01$h1510
=CAT  \\$aBATCH-UPD$b50$c20220301$lBLL01$h1533
=CAT  \\$aRESET-LEV$b50$c20220302$lBLL01$h0057
=CAT  \\$aRESET-LEV$b50$c20220402$lBLL01$h1729
=CAT  \\$aRESET-LEV$b50$c20220502$lBLL01$h0243
=CAT  \\$aRESET-LEV$b50$c20220602$lBLL01$h2128
=CAT  \\$aRESET-LEV$b50$c20220702$lBLL01$h1730
=CAT  \\$aRESET-LEV$b50$c20220802$lBLL01$h0355
=CAT  \\$aRESET-LEV$b50$c20220902$lBLL01$h2224
=CAT  \\$aRESET-LEV$b50$c20221003$lBLL01$h0416
=CAT  \\$aRESET-LEV$b50$c20221102$lBLL01$h0235
=CAT  \\$aRESET-LEV$b50$c20221202$lBLL01$h2227
=CAT  \\$aRESET-LEV$b50$c20230102$lBLL01$h0305
=CAT  \\$aRESET-LEV$b50$c20230202$lBLL01$h2129
=CAT  \\$aRESET-LEV$b50$c20230302$lBLL01$h2138
=CAT  \\$aRESET-LEV$b50$c20230403$lBLL01$h0243
=CAT  \\$aRESET-LEV$b50$c20230502$lBLL01$h0326
=CAT  \\$aRESET-LEV$b50$c20230602$lBLL01$h2229
=CAT  \\$aRESET-LEV$b50$c20230703$lBLL01$h0510
=CAT  \\$aRESET-LEV$b50$c20230802$lBLL01$h0212
=CAT  \\$aRESET-LEV$b50$c20230902$lBLL01$h1746
=CAT  \\$aRESET-LEV$b50$c20231002$lBLL01$h0448
=FIN  \\$aY
=FMT  \\$a  SE
=LAS  \\$aRESET-LEV$b50$c20231002$lBLL01$h0448
=LEO  \\$aMP35.0000100121
=LKR  \\$aPAR$lBLL01$r78500$nWest Briton -30 March 1944-10 May 1951$b013890062$mThe West Briton and Cornwall Advertiser. - no. 1, etc. (20 July 1810-27 March 1944)
=NID  \\$aNID0032729
=SRC  \\$aNPLv17$bbibmp35.20070831.aa
=TCO  \\$aZZZ$c008

