=LDR  03346cas a22008297a 4500
=001  013943731
=003  Uk
=005  20220301151032.0
=008  950421d18571998enkuu\n\\\\\\\0\\\a0eng\\
=019  n\$aNLC0000431
=022  1\$a0967-1471$202
=040  \\$aUk$cUk$dUk
=082  04$a072.37
=222  \0$aCornish times
=245  04$aThe Cornish times.
=260  \\$aLiskeard :$bPutnam Newspapers.
=336  \\$atext$2rdacontent
=337  \\$aunmediated$2rdamedia
=338  \\$avolume$2rdacarrier
=500  \\$aWanting 1897.
=500  \\$aMicrofilm: 1986 onward.
=540  \\$aBritish Library not licensed to copy$c0$5Uk
=651  \0$aCornwall (England : County)$vNewspapers.
=651  \0$aLiskeard (England)$vNewspapers.
=752  \\$aEngland$bCornwall$dLiskeard.$2blnpn
=785  00$tLiskeard & Cornish times
=852  41$31871$aBritish Library$bNPL$cEW$j507 [1871]
=852  41$31871$aBritish Library$bNPL$cEW$j507 [1871]
=852  41$31871$aBritish Library$bNPL$cEW$j507 [1871]
=852  41$31924$aBritish Library$bNPL
=852  41$aBritish Library$bNPL$jNEWS shelfmarks - see explore.bl.uk for full holdings
=852  41$aBritish Library$bHMNTS$zMicroform.$jMFM shelfmarks - see explore.bl.uk for full holdings
=856  42$31857-1860, 1863, 1866, 1872, 1877, 1889$uhttp://www.britishnewspaperarchive.co.uk/search/results?TitleId=BL/0001275$yBritish Newspaper Archive
=866  \0$aNewspapers : No. 1-8392 (3 Jan. 1857-24 Dec. 1998)
=CAT  \\$aBATCH-NPL$b00$c20070914$lBLL01$h0207
=CAT  \\$aBATCH-856$b50$c20220207$lBLL01$h0756
=CAT  \\$aBATCH-UPD$b50$c20220207$lBLL01$h0823
=CAT  \\$aBATCH-856$b50$c20220214$lBLL01$h0938
=CAT  \\$aBATCH-UPD$b50$c20220214$lBLL01$h1006
=CAT  \\$aBATCH-856$b50$c20220301$lBLL01$h1510
=CAT  \\$aBATCH-UPD$b50$c20220301$lBLL01$h1533
=CAT  \\$aRESET-LEV$b50$c20220302$lBLL01$h0057
=CAT  \\$aRESET-LEV$b50$c20220402$lBLL01$h1729
=CAT  \\$aRESET-LEV$b50$c20220502$lBLL01$h0244
=CAT  \\$aRESET-LEV$b50$c20220602$lBLL01$h2128
=CAT  \\$aRESET-LEV$b50$c20220702$lBLL01$h1731
=CAT  \\$aRESET-LEV$b50$c20220802$lBLL01$h0355
=CAT  \\$aRESET-LEV$b50$c20220902$lBLL01$h2224
=CAT  \\$aRESET-LEV$b50$c20221003$lBLL01$h0416
=CAT  \\$aRESET-LEV$b50$c20221102$lBLL01$h0235
=CAT  \\$aRESET-LEV$b50$c20221202$lBLL01$h2227
=CAT  \\$aRESET-LEV$b50$c20230102$lBLL01$h0305
=CAT  \\$aRESET-LEV$b50$c20230202$lBLL01$h2129
=CAT  \\$aRESET-LEV$b50$c20230302$lBLL01$h2138
=CAT  \\$aRESET-LEV$b50$c20230403$lBLL01$h0243
=CAT  \\$aRESET-LEV$b50$c20230502$lBLL01$h0326
=CAT  \\$aRESET-LEV$b50$c20230602$lBLL01$h2229
=CAT  \\$aRESET-LEV$b50$c20230703$lBLL01$h0510
=CAT  \\$aRESET-LEV$b50$c20230802$lBLL01$h0212
=CAT  \\$aRESET-LEV$b50$c20230902$lBLL01$h1746
=CAT  \\$aRESET-LEV$b50$c20231002$lBLL01$h0448
=CFI  0\$aBritish Library not licensed to copy$c0$e01-jan-2014$hC$iCFP Excluded$5Uk
=CFI  2\$aBritish Library not licensed to copy$c0$e01-oct-2012$hC$iCFP Excluded$5Uk
=FIN  \\$aY
=FMT  \\$a  SE
=LAS  \\$aRESET-LEV$b50$c20231002$lBLL01$h0448
=LEO  \\$aMP22.0000038560
=LEO  \\$aMP35.0000100417
=NID  \\$aNID0032745
=SRC  \\$aISN01$bbibmp22.200404.2.aa
=SRC  \\$aNPLv17$bbibmp35.20070831.aa
=TCO  \\$aZZZ$c008

