=LDR  04867cas a2200901u  4500
=001  013943766
=003  Uk
=005  20220301151032.0
=008  950421d17751968|||wr|n|||\\\\0\\\||eng\\
=019  n\$aNLC0000930
=040  \\$aUk$cUk
=082  04$a072.319$222
=245  04$aThe Salisbury and Winchester Journal.
=336  \\$atext$2rdacontent
=337  \\$aunmediated$2rdamedia
=338  \\$avolume$2rdacarrier
=500  \\$aOriginal holdings and microfilm of original holdings at the Newspaper Library. See separate entries for holdings of microfilm taken from originals in other collections.
=500  \\$a1780, 1781, 1785, 1790, 1792, 1794-1796, 1799, 1801-1802, 1817 imperfect.
=500  \\$aIssues for 1796 are in the Burney Collection of Early English Newspapers.
=651  \0$aSalisbury (England)$vNewspapers.
=651  \0$aWiltshire (England)$vNewspapers.
=752  \\$aEngland$bWiltshire$dSalisbury.$2blnpn
=780  00$tSalisbury Journal$gno.647(bis)-684, 691, 694, 701-771, 775-782, 788-829, 872, 877, 879, 1183, 1194, 1598 (11 June 1750-25 Feb. 1751; 15 April, 6 May, 24 June 1751-4 Dec. 1752; 1 Jan.-19 Feb., 2 April 1753-25 March 1754; 20 Jan., 24 Feb., 10 March 1755; 5 Jan., 23 March 1761; 2 Jan 1769)$w013891704
=785  00$tSalisbury Journal$g29 Aug. 1968-$w013891705
=852  41$aBritish Library$bHMNTS$jRB.31.c.892
=852  41$31856$aBritish Library$bNPL$cEW$j16 [1856]
=852  41$31861$aBritish Library$bNPL$cEW$j1116 [1861]
=852  41$31809$aBritish Library$bNPL$cEW$jNT94
=852  41$31852$aBritish Library$bNPL$cEW$j1242 [1852]
=852  41$31852$aBritish Library$bNPL$cEW$j1242 [1852]
=852  41$31852$aBritish Library$bNPL$cEW$j1242 [1852]
=852  41$31880$aBritish Library$bNPL$cEW$j398 [1880]
=852  41$31877$aBritish Library$bNPL$cEW$j219 [1877]
=852  41$31864$aBritish Library$bNPL$cEW$j1772 [1864]
=852  \\$aBritish Library$bNPL
=852  41$aBritish Library$bNPL$jNEWS shelfmarks - see explore.bl.uk for full holdings
=852  41$aBritish Library$bHMNTS$zMicroform.$jMFM shelfmarks - see explore.bl.uk for full holdings
=852  41$aBritish Library$bNPL$jPENN shelfmarks - see explore.bl.uk for full holdings
=856  42$31775-1778, 1786-1789, 1799, 1801-1805, 1807-1812, 1814-1815, 1817-1915$uhttp://www.britishnewspaperarchive.co.uk/search/results?TitleId=BL/0000361$yBritish Newspaper Archive
=866  \0$aNewspapers :6 Feb.-30 Oct. 1775; 15 April 1776; 21, 28 July 1777; 12 Oct. 1778; 3 Jan. 1780-29 Dec. 1783; 3 Jan-26 Dec.1785; 16 Jan., 13, 27 March, 24 April, 14 Aug., 18, 25 Sept., 9 Oct.-20 Nov., 4 Dec. 1786; 1-29 Oct. 1787; 7 Jan. 1788-22 Aug. 1968.
=883  0\$aLanguage codes assigned by Bayesian analysis of words present in record$d20200826$qUk$c0.9919
=985  \\$aDisaggregated Record: NPL
=985  \\$aUpgraded by BSS-generated file for WR2009-0365
=CAT  \\$aBATCH-NPL$b00$c20070914$lBLL01$h0207
=CAT  \\$aBATCH-856$b50$c20220207$lBLL01$h0756
=CAT  \\$aBATCH-UPD$b50$c20220207$lBLL01$h0823
=CAT  \\$aBATCH-856$b50$c20220214$lBLL01$h0938
=CAT  \\$aBATCH-UPD$b50$c20220214$lBLL01$h0959
=CAT  \\$aBATCH-856$b50$c20220301$lBLL01$h1510
=CAT  \\$aBATCH-UPD$b50$c20220301$lBLL01$h1533
=CAT  \\$aRESET-LEV$b50$c20220302$lBLL01$h0057
=CAT  \\$aRESET-LEV$b50$c20220402$lBLL01$h1729
=CAT  \\$aRESET-LEV$b50$c20220502$lBLL01$h0244
=CAT  \\$aRESET-LEV$b50$c20220602$lBLL01$h2128
=CAT  \\$aRESET-LEV$b50$c20220702$lBLL01$h1731
=CAT  \\$aRESET-LEV$b50$c20220802$lBLL01$h0355
=CAT  \\$aRESET-LEV$b50$c20220902$lBLL01$h2224
=CAT  \\$aRESET-LEV$b50$c20221003$lBLL01$h0416
=CAT  \\$aRESET-LEV$b50$c20221102$lBLL01$h0235
=CAT  \\$aRESET-LEV$b50$c20221202$lBLL01$h2227
=CAT  \\$aRESET-LEV$b50$c20230102$lBLL01$h0305
=CAT  \\$aRESET-LEV$b50$c20230202$lBLL01$h2129
=CAT  \\$aRESET-LEV$b50$c20230302$lBLL01$h2138
=CAT  \\$aRESET-LEV$b50$c20230403$lBLL01$h0243
=CAT  \\$aRESET-LEV$b50$c20230502$lBLL01$h0326
=CAT  \\$aRESET-LEV$b50$c20230602$lBLL01$h2229
=CAT  \\$aRESET-LEV$b50$c20230703$lBLL01$h0510
=CAT  \\$aRESET-LEV$b50$c20230802$lBLL01$h0212
=CAT  \\$aRESET-LEV$b50$c20230902$lBLL01$h1746
=CAT  \\$aRESET-LEV$b50$c20231002$lBLL01$h0448
=FIN  \\$aY
=FMT  \\$a  SE
=LAS  \\$aRESET-LEV$b50$c20231002$lBLL01$h0448
=LEO  \\$aMP35.0000100907.2
=LKR  \\$aPAR$lBLL01$r78500$nSalisbury Journal -29 Aug. 1968-$b013891705$mThe Salisbury and Winchester Journal. - 6 Feb.-30 Oct. 1775; 15 April 1776; 21, 28 July 1777; 12 Oct. 1778; 3 Jan. 1780-29 Dec. 1783; 3 Jan-26 Dec.1785; 16 Jan., 13, 27 March, 24 April, 14 Aug., 18, 25 Sept., 9 Oct.-20 Nov., 4 Dec. 1786; 1-29 Oct. 1787; 7 Jan. 1788-22 Aug. 1968.
=NID  \\$aNID0032763
=SRC  \\$aNPLv17$bbibmp35.20070831.aa
=TCO  \\$aZZZ$c008

