=LDR  03304cas a2200769u  4500
=001  013943811
=003  Uk
=005  20220301151033.0
=008  950421d18551984||||||n|||\\\\0\\\||eng\\
=019  n\$aNLC0001283
=040  \\$aUk$cUk
=082  04$a072.133$222
=130  4\$aThe West London Observer.
=245  14$aThe West London Observer.
=250  \\$aMain ed.
=336  \\$atext$2rdacontent
=337  \\$aunmediated$2rdamedia
=338  \\$avolume$2rdacarrier
=500  \\$aMicrofilm: 1978-84.
=500  \\$aDiscontinued. Replaced by the West London Leader.
=651  \0$aHammersmith and Fulham (London, England)$vNewspapers.
=752  \\$aEngland$dLondon$fHammersmith.$2blnpn
=852  41$31867$aBritish Library$bNPL$cLON$jLD12$xBound with Sporting Life
=852  41$31869$aBritish Library$bNPL$cLON$jLD12$xBound with Sporting Life
=852  41$31863; Unfit for use$aBritish Library$bNPL$cLON$jLD12$xWith Sporting Life
=852  41$31863; Unfit for use$aBritish Library$bNPL$cLON$jLD12$xWith Sporting Life
=852  41$aBritish Library$bNPL
=852  41$aBritish Library$bNPL$jNEWS shelfmarks - see explore.bl.uk for full holdings
=852  41$aBritish Library$bHMNTS$zMicroform.$jMFM shelfmarks - see explore.bl.uk for full holdings
=856  42$31855-1872, 1884-1957$uhttp://www.britishnewspaperarchive.co.uk/search/results?TitleId=BL/0000437$yBritish Newspaper Archive
=866  \0$aNewspapers :no. 1-935, 959, etc. (20 Oct. 1855-13 Sept. 1873; 28 Feb. 1874-13 Sept. 1984)
=883  0\$aLanguage codes assigned by Bayesian analysis of words present in record$d20200826$qUk$c0.9919
=985  \\$aUpgraded by BSS-generated file for WR2009-0365
=CAT  \\$aBATCH-NPL$b00$c20070914$lBLL01$h0207
=CAT  \\$aBATCH-856$b50$c20220207$lBLL01$h0756
=CAT  \\$aBATCH-UPD$b50$c20220207$lBLL01$h0824
=CAT  \\$aBATCH-856$b50$c20220214$lBLL01$h0938
=CAT  \\$aBATCH-UPD$b50$c20220214$lBLL01$h1006
=CAT  \\$aBATCH-856$b50$c20220301$lBLL01$h1510
=CAT  \\$aBATCH-UPD$b50$c20220301$lBLL01$h1534
=CAT  \\$aRESET-LEV$b50$c20220302$lBLL01$h0057
=CAT  \\$aRESET-LEV$b50$c20220402$lBLL01$h1729
=CAT  \\$aRESET-LEV$b50$c20220502$lBLL01$h0244
=CAT  \\$aRESET-LEV$b50$c20220602$lBLL01$h2128
=CAT  \\$aRESET-LEV$b50$c20220702$lBLL01$h1731
=CAT  \\$aRESET-LEV$b50$c20220802$lBLL01$h0355
=CAT  \\$aRESET-LEV$b50$c20220902$lBLL01$h2224
=CAT  \\$aRESET-LEV$b50$c20221003$lBLL01$h0416
=CAT  \\$aRESET-LEV$b50$c20221102$lBLL01$h0235
=CAT  \\$aRESET-LEV$b50$c20221202$lBLL01$h2227
=CAT  \\$aRESET-LEV$b50$c20230102$lBLL01$h0305
=CAT  \\$aRESET-LEV$b50$c20230202$lBLL01$h2129
=CAT  \\$aRESET-LEV$b50$c20230302$lBLL01$h2138
=CAT  \\$aRESET-LEV$b50$c20230403$lBLL01$h0243
=CAT  \\$aRESET-LEV$b50$c20230502$lBLL01$h0326
=CAT  \\$aRESET-LEV$b50$c20230602$lBLL01$h2229
=CAT  \\$aRESET-LEV$b50$c20230703$lBLL01$h0511
=CAT  \\$aRESET-LEV$b50$c20230802$lBLL01$h0212
=CAT  \\$aRESET-LEV$b50$c20230902$lBLL01$h1746
=CAT  \\$aRESET-LEV$b50$c20231002$lBLL01$h0448
=FIN  \\$aY
=FMT  \\$a  SE
=LAS  \\$aRESET-LEV$b50$c20231002$lBLL01$h0448
=LEO  \\$aMP35.0000101256
=NID  \\$aNID0032791
=SRC  \\$aNPLv17$bbibmp35.20070831.aa
=TCO  \\$aZZZ$c008

