=LDR  03828cas a2200865u  4500
=001  013943813
=003  Uk
=005  20220301151033.0
=008  950421c18379999||||||n|||\\\\0\\\||eng\\
=019  n\$aNLC0001293
=040  \\$aUk$cUk
=082  04$a072.417$222
=245  04$aThe Wilts and Gloucestershire Standard.
=336  \\$atext$2rdacontent
=337  \\$aunmediated$2rdamedia
=338  \\$avolume$2rdacarrier
=500  \\$aFrom Jan. 1837 to June 1840 published at Malmesbury, Wiltshire.
=500  \\$aFrom 1987 onward published at Dursley, Gloucestershire.
=500  \\$aMicrofilm: 1980 onward.
=651  \0$aCirencester (England)$vNewspapers.
=651  \0$aGloucestershire (England)$vNewspapers.
=752  \\$aEngland$bGloucestershire$dCirencester.$2blnpn
=852  41$31877$aBritish Library$bNPL$cEW$j219 [1877]
=852  41$31897; Missing$aBritish Library$bNPL$cEW$j426019 [1897]
=852  41$31884$aBritish Library$bNPL$cEW$j1589A [1883]$xBound with 1883
=852  41$31880$aBritish Library$bNPL$cEW$j409 [1880]
=852  41$31880$aBritish Library$bNPL$cEW$j409 [1880]
=852  41$31864$aBritish Library$bNPL$cEW$j1772 [1864]
=852  41$31868$aBritish Library$bNPL$cEW$jM78772
=852  41$31867$aBritish Library$bNPL$cEW$jM78771
=852  41$31866$aBritish Library$bNPL$cEW$jM78770
=852  41$31880$aBritish Library$bNPL$cEW$j409 [1880]
=852  \\$aBritish Library$bNPL
=852  41$31784$aBritish Library$bNPL$cEW$jP28
=852  41$aBritish Library$bNPL$jNEWS shelfmarks - see explore.bl.uk for full holdings
=852  41$aBritish Library$bHMNTS$zCumbria County Project Microfilm: Jan-Dec 1891$zMicroform$jMFM shelfmarks - see explore.bl.uk for full holdings
=852  41$aBritish Library$bNPL$zBound With 1827. 1825$jPENN shelfmarks - see explore.bl.uk for full holdings
=856  42$31837-1874, 1876-1896, 1900-1915$uhttp://www.britishnewspaperarchive.co.uk/search/results?TitleId=BL/0001955$yBritish Newspaper Archive
=866  \0$aNewspapers :no. 1- (28 Jan. 1837-)
=883  0\$aLanguage codes assigned by Bayesian analysis of words present in record$d20200826$qUk$c0.9919
=985  \\$aUpgraded by BSS-generated file for WR2009-0365
=CAT  \\$aBATCH-NPL$b00$c20070914$lBLL01$h0207
=CAT  \\$aBATCH-856$b50$c20220207$lBLL01$h0756
=CAT  \\$aBATCH-UPD$b50$c20220207$lBLL01$h0824
=CAT  \\$aBATCH-856$b50$c20220214$lBLL01$h0938
=CAT  \\$aBATCH-UPD$b50$c20220214$lBLL01$h1006
=CAT  \\$aBATCH-856$b50$c20220301$lBLL01$h1510
=CAT  \\$aBATCH-UPD$b50$c20220301$lBLL01$h1534
=CAT  \\$aRESET-LEV$b50$c20220302$lBLL01$h0057
=CAT  \\$aRESET-LEV$b50$c20220402$lBLL01$h1729
=CAT  \\$aRESET-LEV$b50$c20220502$lBLL01$h0244
=CAT  \\$aRESET-LEV$b50$c20220602$lBLL01$h2128
=CAT  \\$aRESET-LEV$b50$c20220702$lBLL01$h1731
=CAT  \\$aRESET-LEV$b50$c20220802$lBLL01$h0355
=CAT  \\$aRESET-LEV$b50$c20220902$lBLL01$h2224
=CAT  \\$aRESET-LEV$b50$c20221003$lBLL01$h0416
=CAT  \\$aRESET-LEV$b50$c20221102$lBLL01$h0235
=CAT  \\$aRESET-LEV$b50$c20221202$lBLL01$h2227
=CAT  \\$aRESET-LEV$b50$c20230102$lBLL01$h0305
=CAT  \\$aRESET-LEV$b50$c20230202$lBLL01$h2129
=CAT  \\$aRESET-LEV$b50$c20230302$lBLL01$h2138
=CAT  \\$aRESET-LEV$b50$c20230403$lBLL01$h0243
=CAT  \\$aRESET-LEV$b50$c20230502$lBLL01$h0326
=CAT  \\$aRESET-LEV$b50$c20230602$lBLL01$h2229
=CAT  \\$aRESET-LEV$b50$c20230703$lBLL01$h0511
=CAT  \\$aRESET-LEV$b50$c20230802$lBLL01$h0212
=CAT  \\$aRESET-LEV$b50$c20230902$lBLL01$h1746
=CAT  \\$aRESET-LEV$b50$c20231002$lBLL01$h0448
=FIN  \\$aY
=FMT  \\$a  SE
=LAS  \\$aRESET-LEV$b50$c20231002$lBLL01$h0448
=LEO  \\$aMP35.0000101266
=NID  \\$aNID0032792
=SRC  \\$aNPLv17$bbibmp35.20070831.aa
=TCO  \\$aZZZ$c008

