=LDR  03352cas a2200841ui 4500
=001  013947044
=003  Uk
=005  20220301151033.0
=007  ta
=008  070915d19031906enkqr\p\\\\\\\0\\\a0eng\\
=022  0\$a2399-4215$202
=040  \\$aUk$beng$cUk$dUk
=042  \\$aissnuk
=082  04$a324.62305$223
=222  \0$aWomen's suffrage record
=245  00$aWomen's suffrage record.
=260  \\$aLondon :$bE. Palliser,$c1903-1906.
=300  \\$c28 cm
=310  \\$aQuarterly
=336  \\$atext$2rdacontent
=337  \\$aunmediated$2rdamedia
=338  \\$avolume$2rdacarrier
=362  0\$aNo. 1 (1903)-
=500  \\$aEdited by Edith Palliser.
=500  \\$aSome issues include supplements.
=650  \0$aWomen$xSuffrage$vPeriodicals.
=650  \0$aWomen$xSuffrage$zGreat Britain$vPeriodicals.
=650  \0$aWomen's rights$vPeriodicals.
=700  1\$aPalliser, Edith,$d1859-$eeditor,$epublisher.
=710  2\$aAdam Matthew Publications.
=852  41$31903$aBritish Library$bHMNTS$jLOU.LON 483 [1903]
=852  41$31904$aBritish Library$bHMNTS$jLOU.LON 623 [1904]
=852  41$31906; Unfit for use$aBritish Library$bHMNTS$jLOU.LON 791 [1906]
=852  41$31904$aBritish Library$bHMNTS$zMicroform.$jMFM.M11519 [1904]
=852  41$31905$aBritish Library$bHMNTS$zMicroform.$jMFM.M11519 [1905]
=852  41$31906$aBritish Library$bHMNTS$zMicroform.$jMFM.M11519 [1906]
=852  \\$aBritish Library$bHMNTS$3No. 1 (June 1903)-no. 13 (Nov 1906)
=852  41$31905$aBritish Library$bHMNTS$jLOU.LON 930 [1905]
=852  41$31903$aBritish Library$bHMNTS$zMicroform.$jMFM.M11519 [1903]
=856  42$31903-1904, 1906$uhttp://www.britishnewspaperarchive.co.uk/search/results?TitleId=BL/0002239$yBritish Newspaper Archive
=985  \\$aCorrected by BSS-generated file
=CAT  \\$aBATCH-NPL$b00$c20070915$lBLL01$h0905
=CAT  \\$aBATCH-UPD$b50$c20211101$lBLL01$h1413
=CAT  \\$aBATCH-856$b50$c20211108$lBLL01$h1045
=CAT  \\$aBATCH-UPD$b50$c20211108$lBLL01$h1104
=CAT  \\$aBATCH-856$b50$c20211115$lBLL01$h0940
=CAT  \\$aBATCH-UPD$b50$c20211115$lBLL01$h1000
=CAT  \\$aBATCH-856$b50$c20211122$lBLL01$h1254
=CAT  \\$aBATCH-UPD$b50$c20211122$lBLL01$h1312
=CAT  \\$aBATCH-856$b50$c20211220$lBLL01$h1032
=CAT  \\$aBATCH-UPD$b50$c20211220$lBLL01$h1117
=CAT  \\$aBATCH-856$b50$c20211228$lBLL01$h1450
=CAT  \\$aBATCH-UPD$b50$c20211228$lBLL01$h1525
=CAT  \\$aBATCH-856$b50$c20220104$lBLL01$h0958
=CAT  \\$aBATCH-UPD$b50$c20220104$lBLL01$h1024
=CAT  \\$aBATCH-856$b50$c20220110$lBLL01$h1300
=CAT  \\$aBATCH-UPD$b50$c20220110$lBLL01$h1400
=CAT  \\$aBATCH-856$b50$c20220117$lBLL01$h1434
=CAT  \\$aBATCH-UPD$b50$c20220117$lBLL01$h1510
=CAT  \\$aBATCH-856$b50$c20220131$lBLL01$h1010
=CAT  \\$aBATCH-UPD$b50$c20220131$lBLL01$h1033
=CAT  \\$aBATCH-856$b50$c20220207$lBLL01$h0757
=CAT  \\$aBATCH-UPD$b50$c20220207$lBLL01$h0824
=CAT  \\$aBATCH-856$b50$c20220214$lBLL01$h0938
=CAT  \\$aBATCH-UPD$b50$c20220214$lBLL01$h1007
=CAT  \\$aBATCH-856$b50$c20220301$lBLL01$h1510
=CAT  \\$aBATCH-UPD$b50$c20220301$lBLL01$h1534
=FIN  \\$aY$d20101112
=FMT  \\$a  SE
=LAS  \\$aBATCH-UPD$b50$c20220301$lBLL01$h1534
=LEO  \\$aTC.59263
=SRC  \\$aNPLv17$bbibtc.20070831.aa
=TCO  \\$aCLA$bCLA$c008

