=LDR  02102cam a2200493 i 4500
=001  002136230
=003  Uk
=005  20211209143106.0
=008  890524s1868\\\\ru\\\\\\a\\\\\000\0\rus\d
=019  x\$a1893660311
=040  \\$aUk$cUk
=100  1\$aLEONT'EV, Vladimir Nikolaevich.
=245  10$a,     .       ..
=246  31$aOpravdannye, osuzhdennye i ukryvshiesia ot suda. Zamechatelneishie ugolovnye protsessy iz praktiki novykh sudov
=264  \1$a :$b  .. ,$c1868.
=300  \\$a370 pages ;$c(8)
=336  \\$atext$2rdacontent
=337  \\$aunmediated$2rdamedia
=338  \\$avolume$2rdacarrier
=650  \0$aCriminal law$zRussia.
=650  \0$aPrisoners$xLegal status, laws, etc.$zRussia.
=650  \0$aLaw$zRussia.
=852  41$aBritish Library$bHMNTS$j1609/4583.
=852  41$aBritish Library$bHMNTS
=852  41$aBritish Library$bHMNTS$jD-6055.cc.39$qCopy at D-6055.cc.39. Destroyed in World War II.
=856  41$uhttp://books.google.co.uk/books?vid=BL:A0020051247$yGoogle_Books
=985  \\$aCorrected by MS generated file for WR# 11/211
=985  \\$aCorrected by MS generated file for WR# 1805-0738
=CAT  \\$aCONV$b00$c20040502$lBLL01$h0936
=CAT  \\$aglobal_upd$b40$c20060416$lBLL01$h1250
=CAT  \\$aBATCH$b00$c20091129$lBLL01$h0232
=CAT  \\$aWR11_211$c20130228$lBLL01$h1741
=CAT  \\$aBLSS-CORR$b00$c20130228$lBLL01$h1811
=CAT  \\$aWR14_057$b00$c20151129$lBLL01$h1907
=CAT  \\$a11853$b40$c20170518$lBLL01$h1250
=CAT  \\$a1805-0738$c20181019$lBLL01$h1828
=CAT  \\$a1805-0738$b00$c20181019$lBLL01$h1905
=CAT  \\$aW2001-2376$c20200523$lBLL01$h1117
=CAT  \\$a11853$b40$c20211209$lBLL01$h1431
=FIN  \\$aY
=FMT  \\$a  BK
=LAS  \\$a11853$b40$c20211209$lBLL01$h1431
=LEO  \\$aMP1.0002266213
=SRC  \\$aBLS01$bbibmp1.200404.2.ac

