=LDR  02784 am a2200529   4500
=001  002988059
=003  Uk
=005  20131223124234.0
=008  790201s1773\\\\enk||||\\\\\\\001\0|eng\c
=019  x\$a2653250063
=035  \\$a(Uk-ES)006212904
=040  \\$aUk$cUk$edcrmb
=100  1\$aPrice, Richard,$d1723-1791.
=245  10$aObservations on reversionary payments;$bon schemes for providing annuities for widows, and for persons in old age; on he method of calculating the values of assurances on lives; and on the national debt. To which are added, four essays on different subjects in the doctrine of life-annuities and political arithmetick. Also, an appendix and supplement, containing additional observations, and a complete set of tables; particularly, several new tables of the probabilities of life in different situations, and of the values of annuities on lives. The third edition, much enlarged.$cBy Richard Price, D. D. F. R. S.
=264  \1$aLondon :$bprinted for T. Cadell, in the Strand,$cM.DCC.LXXIII [1773]
=300  \\$axxxix, [1], 431, [1] pages ;$c21 cm (8)
=336  \\$atext$2rdacontent
=337  \\$aunmediated$2rdamedia
=338  \\$avolume$2rdacarrier
=340  \\$m8vo$2rdabf
=510  4\$aESTC,$cT12984
=648  \7$a1701-1800$2local
=650  \0$aAnnuities.
=650  \0$aInsurance, Life$xMathematics.
=650  \0$aDebts, Public$zGreat Britain.
=752  \\$aGreat Britain$bEngland$dLondon.
=787  0\$tObservations on Reversionary Payments; on schemes for providing annuities for widows ... and on the National Debt. To which are added four essays on different subjects in the doctrine of Life Annuities ... Also, an appendix, containing ... tables, shewing the probabilities of life in London, Norwich and Northampton, etc.$w(Uk)MP1.0003181304$dpp. xv. 344. T. Cadell: London, 1771. 8.
=852  41$aBritish Library$bHMNTS$j1027.b.29.
=852  41$aBritish Library$bHMNTS$jRB.23.a.26164
=852  41$aBritish Library$bHMNTS
=856  41$uhttp://books.google.co.uk/books?vid=BL:A0019867944$yGoogle_Books
=985  \\$aCorrected by BSS-generated file for WR# 10/107
=985  \\$aDisaggregated record: Type B
=985  \\$aCorrected by MS generated file for WR# 1805-0738
=CAT  \\$aCONV$b00$c20040502$lBLL01$h0954
=CAT  \\$a10743$b40$c20070613$lBLL01$h1256
=CAT  \\$aBATCH$b00$c20091130$lBLL01$h0240
=CAT  \\$aBLSS-CORR$b00$c20100917$lBLL01$h1700
=CAT  \\$a2225$b40$c20131223$lBLL01$h1242
=CAT  \\$aWR14_057$b00$c20151129$lBLL01$h1912
=CAT  \\$a1805-0738$c20181109$lBLL01$h1815
=CAT  \\$a1805-0738$b00$c20181109$lBLL01$h1849
=FIN  \\$aY
=FMT  \\$a  BK
=LAS  \\$a1805-0738$b00$c20181109$lBLL01$h1849
=LEO  \\$aMP1.0003181304.2
=SRC  \\$aBLS01$bbibmp1.200404.2.ad

