=LDR  01755 am a22004094a 4500
=001  001935333
=003  Uk
=005  20121025160609.0
=008  890127s1876\\\\ii\\\\\||\\\\\0|0\0|eng\\
=019  x\$a1713790084
=040  \\$aUk$cUk$dUk
=100  1\$aKavanagh, Thomas Henry,$d1821-1882.
=245  10$aGuilty or not guilty of conduct unbecoming an officer and a gentleman? /$cT. Henry Kavanagh, V. C., late Deputy Commissioner, Oudh.
=260  \\$aLucknow :$bAmerican Methodist Mission Press,$c1876.
=300  \\$a54 p. ;$c22 cm.
=336  \\$atext$2rdacontent
=337  \\$aunmediated$2rdamedia
=338  \\$avolume$2rdacarrier
=505  0\$apt. 1: Correspondence relating to the bestowal of the Victoria Cross. -- pt . 2: Statement of the case of Sir George Couper against Mr. Kavanagh and his refutation. -- pt. 3: Correspondence with the local and supreme governments referred to in pt. 2.
=520  \\$aLetters and papers relating to a charge against T. H. Kavanagh, Deputy Commissioner, Oudh.
=752  \\$aIndia$dLucknow
=852  41$aBritish Library$bHMNTS$j1414.h.18.(11.)
=852  \\$aBritish Library$bOC
=856  41$uhttp://books.google.com/books?vid=BL:A0022012939$yGoogle_Books
=985  \\$aCorrected by BSS-generated file for WR# 11/211
=CAT  \\$aCONV$b00$c20040502$lBLL01$h0930
=CAT  \\$c20090612$lBLL01$h1640
=CAT  \\$aBATCH$b00$c20091129$lBLL01$h0047
=CAT  \\$aBLSS-CORR$b00$c20111222$lBLL01$h1545
=CAT  \\$a11837$b40$c20121025$lBLL01$h1549
=CAT  \\$a11837$b40$c20121025$lBLL01$h1606
=CAT  \\$aWR14_057$b00$c20170504$lBLL01$h1746
=FIN  \\$aY$d20121025
=FMT  \\$a  BK
=LAS  \\$aWR14_057$b00$c20170504$lBLL01$h1746
=LEO  \\$aMP1.0002050511
=SRC  \\$aBLS01$bbibmp1.200404.2.ac

