=LDR  03049 am a2200613   4500
=001  001977275
=003  Uk
=005  20171023171209.0
=008  810505s1796\\\\enk\\\\\\\\\\\000|0|eng\c
=019  x\$a175214001X
=035  \\$a(Uk-ES)006390690
=040  \\$aUk-ES$cUk-ES$dCStRLIN$dCU-RivES$dUk-ES$edcrmb
=100  1\$aKirwan, Richard,$d1733-1812.
=240  10$aWhat are the manures most advantageously applicable to the various sorts of soils
=245  14$aThe manures most advantageously applicable to the various sorts of soils, and the causes of their beneficial effect in each particular instance.$cBy Richard Kirwan, Esquire, F. R. S. and M. R. I. A. Author of The elements of mineralogy, &c.
=250  \\$aThe third edition.
=264  \1$aLondon :$bprinted for Vernor and Hood, Birchin-Lane,$c1796.
=300  \\$a[4], 96 pages ;$c22 cm (8)
=336  \\$atext$2rdacontent
=337  \\$aunmediated$2rdamedia
=338  \\$avolume$2rdacarrier
=340  \\$m8vo$2rdabf
=500  \\$aWith a half-title.
=500  \\$aSignatures: [A] B-N
=510  4\$aESTC,$cT122449
=650  \0$aManures$vEarly works to 1800.
=650  \0$aFertilizers$vEarly works to 1800.
=650  \0$aSoil amendments$vEarly works to 1800.
=752  \\$aGreat Britain$bEngland$dLondon.
=775  0\$t[The manures most advantageously applicable to the various sorts of soils ... The third edition.]$w(Uk)MP1.0002094096.1$dLondon, 1796. 8.
=775  0\$t[The manures most advantageously applicable to the various sorts of soils ... The third edition.]$w(Uk)MP1.0002094096.3$d1801.
=852  41$aBritish Library$bHMNTS$j1651/374.
=852  41$aBritish Library$bHMNTS
=856  41$uhttp://books.google.co.uk/books?vid=BL:A0020087590$yGoogle_Books
=985  \\$aCorrected by BSS-generated file for WR# 11/211
=985  \\$aDisaggregated record: Type B
=985  \\$aCorrected by MS generated file for WR# 1805-0738
=CAT  \\$aCONV$b00$c20040502$lBLL01$h0931
=CAT  \\$aBATCH$b00$c20091129$lBLL01$h0103
=CAT  \\$aBATCH$b00$c20101223$lBLL01$h1742
=CAT  \\$aBLSS-CORR$b00$c20120302$lBLL01$h1650
=CAT  \\$aBATCH-UPD$b00$c20150915$lBLL01$h0243
=CAT  \\$aWR14_057$b00$c20151129$lBLL01$h1906
=CAT  \\$a2225$b40$c20171023$lBLL01$h1712
=CAT  \\$aW1807-1331$c20180721$lBLL01$h0806
=CAT  \\$a1805-0738$c20181019$lBLL01$h1806
=CAT  \\$a1805-0738$b00$c20181019$lBLL01$h1846
=FIN  \\$aY
=FMT  \\$a  BK
=LAS  \\$a1805-0738$b00$c20181019$lBLL01$h1846
=LEO  \\$aMP1.0002094096
=LKR  \\$aPAR$b001977276$lBLL01$r775$mThe manures most advantageously applicable to the various sorts of soils ... The third edition.$n[The manures most advantageously applicable to the various sorts of soils ... The third edition.]
=LKR  \\$aPAR$b001977277$lBLL01$r775$mThe manures most advantageously applicable to the various sorts of soils ... The third edition.$n[The manures most advantageously applicable to the various sorts of soils ... The third edition.]
=SRC  \\$aBLS01$bbibmp1.200404.2.ac

